3100 4850
288 267 364 339 202
687 266 733 333 IN
759 260 986 335 GEORGIUM

288 434 368 495 claro
381 432 435 491 illo
450 441 480 492 et
494 448 572 509 pene
588 427 751 491 inridendo
767 431 882 509 elogio,
903 427 986 513 qnod
1004 430 1089 510 operi
1101 428 1307 511 praefiximus.
1350 440 1384 489 ut

289 530 405 579 taceam
428 516 551 577 titulum
573 514 760 595 logothetae,
782 535 860 596 quae
878 535 996 575 summe
1011 515 1069 574 fuit
1084 513 1166 595 opud
1179 516 1308 573 Graecos
1322 515 1385 572 im·

286 613 439 685 pecatores
459 600 607 683 dignitas3
637 599 675 661 de
698 620 759 683 qua
778 620 854 661 mox
872 603 952 661 infra
969 598 1119 683 quaedam
1139 599 1247 660 dicturi
1267 619 1383 660 sumna.

287 692 410 749 Dones.

371 774 435 831 Tit.
449 770 717 851 Aomeut‘or]
740 768 923 850 Lugotbetes
950 770 1080 830 auctoris
1097 790 1210 830 nomen
1227 772 1381 850 proprium

287 858 382 939 possit
396 853 502 916 rideri.
543 852 658 915 sedeat
674 856 764 915 officii
778 858 909 915 Palatini
923 874 1051 931 nornen,
1072 853 1154 913 unde
1169 853 1253 914 band
1266 858 1328 915 scio
1342 874 1382 912 an

287 963 400 1003 nomen
418 941 589 1021 proprium,
611 943 748 1021 quamvis
768 952 911 1022 pereunte
929 941 1046 1019 officio,
1066 942 1100 998 in
1112 941 1382 1020 familiaperman-

290 1031 372 1087 serit.
414 1045 492 1107 quae
512 1036 614 1085 antem
627 1026 738 1085 fuerint
752 1025 938 1105 logothetae
951 1036 1051 1105 partes
1066 1024 1148 1105 apud
1160 1029 1381 1107 imperatorem,

290 1132 331 1173 ex
346 1112 522 1192 europalate
537 1131 591 1170 seu
605 1112 732 1190 Georgio
749 1110 863 1170 Codino
875 1122 961 1191 petas
971 1111 1090 1186 licebit,
1112 1112 1196 1169 cuius
1215 1119 1299 1169 extat
1319 1111 1383 1168 ele-

290 1199 485 1277 gantissimus
508 1207 539 1254 et
558 1200 797 1257 accuratissimus
810 1195 848 1255 de
862 1196 969 1256 officiis
981 1196 1092 1255 Palatii
1106 1196 1255 1276 Opolitani
1271 1205 1302 1253 et
1315 1214 1384 1253 ma-

290 1300 368 1363 gnae
397 1282 539 1341 eccleciae
567 1282 699 1341 libellus.
740 1280 811 1339 vide
838 1291 868 1341 et
896 1279 1038 1340 Iohannis
1055 1282 1180 1341 Meursii
1199 1281 1384 1339 Glossarium

291 1366 581 1443 Graecobarbarum,
603 1386 644 1425 ex
665 1384 724 1447 quo
739 1364 836 1426 disces
851 1369 942 1425 retiis
957 1366 1051 1425 fuisse
1065 1364 1257 1445 dignitatibus
1272 1384 1384 1423 nomen

292 1451 351 1513 hoc
373 1452 553 1533 appositum.
596 1462 659 1509 eret
677 1472 694 1510 e
714 1452 859 1510 Palatinis
880 1452 934 1532 (ut
948 1452 1163 1510 ecclesiasticos
1176 1446 1382 1529 praeteream)

293 1534 487 1617 ὁλογοθέτης
500 1538 556 1597 rori
567 1540 699 1616 γεντττοῦ,
721 1534 754 1595 id
768 1547 814 1596 est
828 1539 944 1595 aerarii.
987 1548 1050 1595 erat
1063 1548 1093 1595 et
1106 1535 1126 1599 d
1137 1540 1199 1597 suiv
1211 1535 1383 1610 οἰκιακῶν,

294 1624 348 1703 qui
360 1622 434 1679 alins
448 1615 616 1701 eonpdrop.
659 1632 743 1680 arant
757 1631 910 1701 praeterea
923 1620 942 1685 d
954 1624 1012 1684 coti
1025 1618 1150 1702 δρόμου,
1171 1624 1227 1683 τοῦ
1242 1639 1385 1699 occursu·

291 1710 395 1783 creec,
415 1708 478 1768 cciv
495 1700 628 1787 dyeloiv,
650 1710 711 1768 τῶν
730 1706 892 1789 crupitur,
913 1708 967 1788 qui
981 1717 1149 1786 postremus
1164 1707 1284 1765 Nicetae
1301 1701 1383 1763 cho-

292 1794 392 1851 niatae
414 1792 447 1848 in
469 1792 608 1849 Mauuele
634 1792 787 1851 comneno
804 1793 857 1849 lib.
878 1795 898 1855 7
922 1794 1015 1850 etiem
1032 1785 1243 1873 suysslloiptog
1265 1787 1384 1847 dicitur.

293 1880 373 1935 inter
386 1894 490 1935 omnes
504 1886 604 1935 eutem
615 1877 783 1935 excellebat
797 1875 816 1940 d
830 1874 921 1958 μέγας
937 1876 1115 1957 λογοθὲτης,
1139 1878 1264 1955 eiusque
1274 1892 1384 1932 munus

293 1964 372 2021 circa
392 1959 535 2019 mandata
554 1961 711 2043 bullasque
726 1964 912 2042 imperatoris
926 1971 956 2019 et
967 1963 1027 2019 alia
1049 1961 1148 2042 (quae
1161 1961 1276 2019 functio
1289 1978 1384 2040 quae·

293 2049 382 2107 storis
399 2044 464 2124 est)
487 2048 635 2125 occupari.
678 2065 755 2127 quae
776 2066 846 2105 cum
861 2047 979 2124 singula
992 2045 1220 2124 diligentissime
1237 2045 1274 2103 ab
1288 2046 1383 2101 emico

292 2133 346 2191 illo
361 2142 463 2191 nostro
476 2133 728 2211 praestantissimo
746 2132 894 2211 explicata
911 2135 970 2190 sint
986 2140 1016 2189 et
1028 2141 1146 2206 notata,
1167 2148 1385 2211 supervacuum

292 2236 358 2276 esse
377 2214 452 2275 duxi
465 2236 501 2275 en
514 2214 564 2275 hio
578 2226 728 2297 repetere,
752 2237 821 2276 cum
836 2214 875 2274 ad
890 2219 1057 2274 satietatem
1069 2217 1154 2274 illinc
1167 2214 1286 2273 haurire
1299 2216 1385 2293 qnis-

292 2322 352 2383 que
372 2302 476 2381 possit.
519 2300 669 2382 quaedem
686 2305 779 2361 etiam
799 2299 883 2360 houd
897 2304 1022 2381 protrito
1035 2298 1237 2381 suppeditabit
1248 2317 1386 2357 summus

293 2386 510 2448 iureconsultus
531 2390 591 2446 luc.
616 2388 754 2447 Cuiacius
776 2385 815 2446 ad
833 2387 889 2446 lib.
905 2388 947 2451 10
961 2384 1071 2446 codicis
1085 2386 1259 2446 iustinianei
1272 2388 1319 2443 tit.
1333 2386 1386 2458 80,

293 2473 347 2552 qui
369 2482 415 2530 est
435 2471 472 2528 de
493 2471 721 2544 discussoribus,
741 2471 854 2547 idest,
875 2475 901 2530 1.
918 2472 952 2530 c.
966 2474 1144 2552 interprete,
1165 2469 1333 2551 logothetae.-
1355 2479 1387 2528 et

292 2557 472 2616 dsccuceoree
493 2559 535 2615 eit
557 2547 634 2616 esse'
644 2559 738 2616 veluti
767 2559 930 2637 cognitores
953 2568 982 2614 et
1004 2558 1212 2636 disceptatores
1234 2557 1388 2612 renonum

167 2681 169 2684 -
283 2639 444 2719 fiscalium
461 2639 501 2698 ab
522 2641 593 2699 aliis
616 2653 815 2701 &acutarum
834 2643 884 2700 rel
903 2643 993 2699 etiarn
1010 2646 1162 2700 rationum
1177 2639 1384 2720 potuemus.

293 2726 421 2788 Novella
437 2727 639 2786 Valentiniani
661 2726 697 2787 de
719 2725 840 2806 ludulg.
859 2728 946 2807 reliq.
967 2728 1059 2786 refert
1080 2727 1259 2786 dmomsom
1271 2729 1304 2783 irs
1310 2743 1388 2802 pro-

294 2814 411 2873 vinciae
425 2809 602 2892 plmunque
615 2813 771 2891 proficisci
784 2811 944 2871 ombitrone
963 2823 993 2869 et
1010 2811 1158 2893 suffragio
1171 2813 1276 2890 potina
1293 2829 1387 2889 quam

296 2900 397 2955 mereto
422 2897 473 2954 vel
491 2897 629 2956 ekctione
646 2909 740 2969 certa,
761 2909 790 2956 et
806 2899 952 2978 mgreasce
968 2898 1069 2956 etatem
1082 2907 1213 2975 expetere
1223 2893 1388 2954 cohortales

177 3041 180 3048 ,
295 2992 385 3060 arque
398 2982 656 3041 munero.
702 2981 827 3042 exure
844 2981 958 3041 aarum
971 2961 1386 3044 cremarentur.

296 3065 338 3130 66
353 3066 520 3142 Basilioon,
546 3085 623 3146 quae
637 3069 790 3128 exulabat.
831 3071 916 3127 cuius
931 3070 1029 3147 capita
1041 3069 1201 3148 praecipua
1214 3063 1290 3124 haec
1299 3072 1386 3123 smrt:

297 3169 358 3210 non
375 3151 455 3208 mitti
471 3151 505 3208 in
521 3153 697 3229 provieretur
720 3153 918 3212 &commem
938 3153 1004 3210 saise
1027 3154 1205 3213 murum
1223 3149 1386 3229 principi&

295 3235 437 3294 mamis
458 3236 607 3313 apocham
624 3257 745 3295 sacram
765 3238 817 3296 vel
833 3258 855 3296 a
873 3237 1037 3297 deinum
1052 3238 1134 3312 dem}
1154 3245 1292 3315 smptus
1305 3233 1388 3292 solo-

296 3323 398 3400 tr'oque
412 3319 606 3380 diecrumrcm
618 3323 681 3380 τίντ
693 3321 859 3403 logothetae
871 3321 981 3380 leuben
989 3322 1170 3402 expublscc,
1190 3319 1271 3380 mitt
1282 3336 1390 3397 σφα*

296 3425 318 3464 a
335 3405 538 3464 collatorrdur.
584 3405 733 3467 discussor
747 3408 781 3466 in
796 3409 922 3467 Novella
934 3410 1137 3468 Valentiniani
1150 3409 1177 3470 i.
1192 3404 1223 3464 d.
1239 3407 1391 3483 imperor

265 3539 268 3546 .
296 3500 429 3549 vocatur.
472 3488 527 3550 sed
538 3491 723 3572 frequentius
736 3491 901 3574 λογοθὲτης
912 3491 1030 3552 dicitur.
1070 3493 1234 3572 Procopius
1246 3490 1335 3552 litae
1349 3485 1390 3546 de

295 3574 377 3636 bello
399 3572 541 3639 Gothico:
563 3567 605 3657 ἦν
625 3574 659 3639 di
675 3572 865 3658 Ἀλέξανδρός
878 3601 924 3651 τις
940 3577 974 3641 ἓν
988 3579 1141 3663 Βνξαντίφ
1154 3583 1218 3651 τοῖς
1232 3575 1393 3678 &potiore

295 3656 427 3738 tuende
448 3664 617 3742 λογισμοῖς·
638 3661 805 3742 λογοθὲτην
822 3662 1022 3742 ἑλληνίζοντες
1032 3659 1089 3742 τήν
1101 3657 1194 3743 τιμὴν
1206 3681 1319 3738 ταυτην
1332 3680 1392 3719 so·

294 3750 382 3809 totu
404 3745 550 3824 Ῥωμαῖοι.
591 3747 624 3804 iu
655 3749 781 3806 rettutis
807 3748 959 3826 glossariis
984 3747 1134 3806 dicom-
1155 3747 1231 3804 alias
1253 3741 1393 3802 redditur

295 3828 428 3911 recimero
448 3825 641 3910 στρατιώτης,
665 3831 739 3890 uliae
757 3832 929 3913 toycam.
971 3851 1032 3913 quo
1045 3842 1147 3892 autem
1158 3849 1284 3890 munere
1297 3829 1391 3886 exiis

294 3917 433 3976 omnibns
455 3928 556 3975 noster
575 3917 720 3995 Georgius
739 3916 860 3976 iunctus
879 3919 934 3993 sit,
955 3915 1039 3976 baud
1059 3920 1132 3977 satis
1150 3914 1228 3974 mibi
1244 3912 1391 3972 hactenm

298 4012 483 4081 compertum
496 4011 552 4062 est.
594 4019 686 4082 quare
699 3998 777 4059 illud
789 4003 822 4059 in
835 4000 970 4061 medium
984 4003 1133 4082 relinquo,
1154 3997 1271 4059 erudito
1284 3997 1391 4058 lectori

298 4083 549 4166 investigandum.
593 4083 814 4146 discutiendum
830 4084 937 4146 itidem
954 4085 1134 4148 doctioribus
1150 4085 1289 4166 relinquo
1307 4080 1392 4142 unde

299 4169 488 4248 Acropole'tee
516 4170 641 4231 dicatur.
684 4171 846 4253 Acropolr'e
868 4172 983 4252 Libyae
1005 4173 1078 4232 urbs
1103 4181 1134 4231 et
1153 4171 1289 4230 Aetoliae
1309 4165 1393 4246 apud

299 4254 486 4336 Stephanum
507 4255 768 4340 lithncgraphnm.
809 4257 925 4320 thence
944 4259 1092 4320 Asiaticas
1107 4257 1199 4318 stiam
1213 4254 1285 4316 urbs
1299 4253 1394 4314 Dioni
