<?xml version="1.0" encoding="UTF-8"?>
<!DOCTYPE html PUBLIC "-//W3C//DTD XHTML 1.0 Transitional//EN"
    "http://www.w3.org/TR/xhtml1/DTD/xhtml1-transitional.dtd">
<html xmlns="http://www.w3.org/1999/xhtml" xml:lang="en" lang="en">
 <head>
  <title>
</title>
<meta http-equiv="Content-Type" content="text/html;charset=utf-8" />
  <meta name='ocr-system' content='tesseract 3.04.00' />
  <meta name='ocr-capabilities' content='ocr_page ocr_carea ocr_par ocr_line ocrx_word'/>
</head>
<body>
  <div class='ocr_page' id='page_1' title='image "./corpusscriptoru39niebgoog/corpusscriptoru39niebgoog_0044.png"; bbox 0 0 3100 4850; ppageno 0'>
   <div class='ocr_carea' id='block_1_1' title="bbox 260 293 1069 370">
    <p class='ocr_par' dir='ltr' id='par_1_1' title="bbox 260 293 1069 370">
     <span class='ocr_line' id='line_1_1' title="bbox 260 293 1069 370; baseline -0.002 0"><span class='ocrx_word' id='word_1_1' title='bbox 260 298 310 370; x_wconf 81' lang='lat'>30</span> <span class='ocrx_word' id='word_1_2' title='bbox 552 293 837 364; x_wconf 68' lang='lat' dir='ltr'>consume</span> <span class='ocrx_word' id='word_1_3' title='bbox 866 295 1069 368; x_wconf 71' lang='lat' dir='ltr'>mrssls</span> 
     </span>
    </p>
   </div>
   <div class='ocr_carea' id='block_1_2' title="bbox 171 465 1247 1179">
    <p class='ocr_par' dir='ltr' id='par_1_2' title="bbox 171 465 1120 769">
     <span class='ocr_line' id='line_1_2' title="bbox 171 465 1120 557; baseline 0.002 -23"><span class='ocrx_word' id='word_1_4' title='bbox 171 479 248 537; x_wconf 78' lang='lat'>1²14</span> <span class='ocrx_word' id='word_1_5' title='bbox 363 465 738 557; x_wconf 78' lang='grc' dir='ltr'><strong><em>δρχηστοφιλοπαίγμονα,</em></strong></span> <span class='ocrx_word' id='word_1_6' title='bbox 763 470 861 550; x_wconf 80' lang='grc' dir='ltr'><strong><em>ζῶντα</em></strong></span> <span class='ocrx_word' id='word_1_7' title='bbox 875 470 1120 556; x_wconf 85' lang='grc' dir='ltr'><strong><em>γυναικομίμοις,</em></strong></span> 
     </span>
     <span class='ocr_line' id='line_1_3' title="bbox 363 570 1096 661; baseline 0.001 -23"><span class='ocrx_word' id='word_1_8' title='bbox 363 573 459 638; x_wconf 78' lang='grc' dir='ltr'><strong><em>αὐτοῦ</em></strong></span> <span class='ocrx_word' id='word_1_9' title='bbox 473 570 759 660; x_wconf 73' lang='grc' dir='ltr'><strong><em>καταφρονήσαντες</em></strong></span> <span class='ocrx_word' id='word_1_10' title='bbox 774 571 818 651; x_wconf 78' lang='grc' dir='ltr'>ὡς</span> <span class='ocrx_word' id='word_1_11' title='bbox 834 577 1096 661; x_wconf 89' lang='grc' dir='ltr'><strong><em>μαλακοκαρδέου,</em></strong></span> 
     </span>
     <span class='ocr_line' id='line_1_4' title="bbox 361 673 1118 769; baseline 0.003 -29"><span class='ocrx_word' id='word_1_12' title='bbox 361 677 498 760; x_wconf 84' lang='grc' dir='ltr'><strong><em>ἐπῆλθον</em></strong></span> <span class='ocrx_word' id='word_1_13' title='bbox 511 673 782 763; x_wconf 69' lang='grc' dir='ltr'>ἐκστρατεύσαντες</span> <span class='ocrx_word' id='word_1_14' title='bbox 795 679 828 742; x_wconf 83' lang='grc' dir='ltr'><strong><em>ἐν</em></strong></span> <span class='ocrx_word' id='word_1_15' title='bbox 838 683 956 769; x_wconf 73' lang='grc' dir='ltr'><strong><em>βριαρᾷ</em></strong></span> <span class='ocrx_word' id='word_1_16' title='bbox 973 674 1118 762; x_wconf 79' lang='grc' dir='ltr'><strong><em>δυνάμει,</em></strong></span> 
     </span>
    </p>

    <p class='ocr_par' dir='ltr' id='par_1_3' title="bbox 277 776 1247 1179">
     <span class='ocr_line' id='line_1_5' title="bbox 277 776 1246 869; baseline 0.003 -23"><span class='ocrx_word' id='word_1_17' title='bbox 277 781 342 846; x_wconf 85' lang='lat'>680</span> <span class='ocrx_word' id='word_1_18' title='bbox 361 782 412 845; x_wconf 85' lang='grc' dir='ltr'>καλ</span> <span class='ocrx_word' id='word_1_19' title='bbox 429 781 652 863; x_wconf 70' lang='grc' dir='ltr'><strong><em>συμπλακέντες</em></strong></span> <span class='ocrx_word' id='word_1_20' title='bbox 666 785 713 869; x_wconf 78' lang='grc' dir='ltr'>τῷ</span> <span class='ocrx_word' id='word_1_21' title='bbox 728 787 852 869; x_wconf 77' lang='grc' dir='ltr'><strong><em>στρατῷ</em></strong></span> <span class='ocrx_word' id='word_1_22' title='bbox 868 787 913 868; x_wconf 78' lang='grc' dir='ltr'>τῷ</span> <span class='ocrx_word' id='word_1_23' title='bbox 927 788 983 846; x_wconf 77' lang='grc' dir='ltr'>τοῦ</span> <span class='ocrx_word' id='word_1_24' title='bbox 998 776 1246 869; x_wconf 73' lang='grc' dir='ltr'><strong><em>Σαρδαναπάλού</em></strong></span> 
     </span>
     <span class='ocr_line' id='line_1_6' title="bbox 362 881 1247 971; baseline 0.006 -24"><span class='ocrx_word' id='word_1_25' title='bbox 362 883 514 968; x_wconf 72' lang='grc' dir='ltr'><strong><em>(κάκεῖνος</em></strong></span> <span class='ocrx_word' id='word_1_26' title='bbox 529 881 588 971; x_wconf 80' lang='grc' dir='ltr'>γὰρ</span> <span class='ocrx_word' id='word_1_27' title='bbox 602 883 776 966; x_wconf 80' lang='grc' dir='ltr'><strong><em>ἆναμαθιδν</em></strong></span> <span class='ocrx_word' id='word_1_28' title='bbox 793 883 850 969; x_wconf 73' lang='grc' dir='ltr'>τὴν</span> <span class='ocrx_word' id='word_1_29' title='bbox 865 883 982 968; x_wconf 80' lang='grc' dir='ltr'><strong><em>τόλμαν</em></strong></span> <span class='ocrx_word' id='word_1_30' title='bbox 998 893 1059 950; x_wconf 80' lang='grc' dir='ltr'>τῶν</span> <span class='ocrx_word' id='word_1_31' title='bbox 1075 887 1247 952; x_wconf 87' lang='grc' dir='ltr'><strong><em>Χαλδαίων</em></strong></span> 
     </span>
     <span class='ocr_line' id='line_1_7' title="bbox 363 985 1170 1077; baseline 0.005 -27"><span class='ocrx_word' id='word_1_32' title='bbox 363 987 419 1077; x_wconf 71' lang='grc' dir='ltr'><strong><em>οὖν</em></strong></span> <span class='ocrx_word' id='word_1_33' title='bbox 433 985 564 1072; x_wconf 75' lang='grc' dir='ltr'><strong><em>ἤνεγκεν,</em></strong></span> <span class='ocrx_word' id='word_1_34' title='bbox 591 987 662 1054; x_wconf 75' lang='grc' dir='ltr'><strong><em>ἀλλ’</em></strong></span> <span class='ocrx_word' id='word_1_35' title='bbox 683 987 818 1072; x_wconf 74' lang='grc' dir='ltr'><strong><em>ἐπεμψεν</em></strong></span> <span class='ocrx_word' id='word_1_36' title='bbox 835 987 952 1074; x_wconf 76' lang='grc' dir='ltr'><strong><em>ἄνδρας</em></strong></span> <span class='ocrx_word' id='word_1_37' title='bbox 968 986 1170 1073; x_wconf 73' lang='grc' dir='ltr'><strong><em>ἀξιομάχους)</em></strong></span> 
     </span>
     <span class='ocr_line' id='line_1_8' title="bbox 359 1088 1175 1179; baseline 0.002 -24"><span class='ocrx_word' id='word_1_38' title='bbox 359 1091 526 1178; x_wconf 74' lang='grc' dir='ltr'><strong><em>ἐτρέψαντο</em></strong></span> <span class='ocrx_word' id='word_1_39' title='bbox 542 1089 595 1156; x_wconf 86' lang='grc' dir='ltr'>τδν</span> <span class='ocrx_word' id='word_1_40' title='bbox 611 1088 791 1179; x_wconf 82' lang='grc' dir='ltr'><strong><em>στρατηγόν,</em></strong></span> <span class='ocrx_word' id='word_1_41' title='bbox 811 1090 947 1176; x_wconf 76' lang='grc' dir='ltr'><strong><em>ἥττησαν</em></strong></span> <span class='ocrx_word' id='word_1_42' title='bbox 962 1092 1042 1158; x_wconf 80' lang='grc' dir='ltr'><strong><em>κατὰ</em></strong></span> <span class='ocrx_word' id='word_1_43' title='bbox 1052 1089 1175 1179; x_wconf 80' lang='grc' dir='ltr'><strong><em>κράτος,</em></strong></span> 
     </span>
    </p>
   </div>
   <div class='ocr_carea' id='block_1_3' title="bbox 223 1192 1293 2942">
    <p class='ocr_par' dir='ltr' id='par_1_4' title="bbox 223 1192 1293 2942">
     <span class='ocr_line' id='line_1_9' title="bbox 361 1192 1131 1283; baseline 0.004 -24"><span class='ocrx_word' id='word_1_44' title='bbox 361 1197 411 1259; x_wconf 78' lang='grc' dir='ltr'>καί</span> <span class='ocrx_word' id='word_1_45' title='bbox 427 1197 562 1278; x_wconf 79' lang='grc' dir='ltr'><strong><em>νικηθείς</em></strong></span> <span class='ocrx_word' id='word_1_46' title='bbox 579 1192 595 1260; x_wconf 83' lang='grc' dir='ltr'><strong><em>δ</em></strong></span> <span class='ocrx_word' id='word_1_47' title='bbox 613 1195 783 1282; x_wconf 81' lang='grc' dir='ltr'><strong><em>στρατηγὸς</em></strong></span> <span class='ocrx_word' id='word_1_48' title='bbox 795 1193 919 1283; x_wconf 78' lang='grc' dir='ltr'><strong><em>έφευγεν</em></strong></span> <span class='ocrx_word' id='word_1_49' title='bbox 934 1195 994 1261; x_wconf 77' lang='grc' dir='ltr'><strong><em>ἀνὰ</em></strong></span> <span class='ocrx_word' id='word_1_50' title='bbox 1009 1193 1131 1283; x_wconf 80' lang='grc' dir='ltr'><strong><em>κράτος.</em></strong></span> 
     </span>
     <span class='ocr_line' id='line_1_10' title="bbox 277 1285 1132 1386; baseline 0.005 -26"><span class='ocrx_word' id='word_1_51' title='bbox 277 1293 340 1360; x_wconf 85' lang='grc'>635</span> <span class='ocrx_word' id='word_1_52' title='bbox 360 1295 433 1383; x_wconf 83' lang='grc' dir='ltr'><strong><em>ὅπερ</em></strong></span> <span class='ocrx_word' id='word_1_53' title='bbox 447 1295 489 1378; x_wconf 77' lang='grc' dir='ltr'>ὡς</span> <span class='ocrx_word' id='word_1_54' title='bbox 503 1285 583 1383; x_wconf 65' lang='grc' dir='ltr'><strong><em>ξ’γναί</em></strong></span> <span class='ocrx_word' id='word_1_55' title='bbox 595 1301 741 1378; x_wconf 76' lang='grc' dir='ltr'><strong><em>δείλαιος,</em></strong></span> <span class='ocrx_word' id='word_1_56' title='bbox 758 1299 935 1386; x_wconf 14' lang='grc' dir='ltr'><strong><em>«ἀπορηθεὶς</em></strong></span> <span class='ocrx_word' id='word_1_57' title='bbox 951 1300 984 1364; x_wconf 84' lang='grc' dir='ltr'><strong><em>ἐκ</em></strong></span> <span class='ocrx_word' id='word_1_58' title='bbox 998 1297 1132 1380; x_wconf 80' lang='grc' dir='ltr'><strong><em>πάντων,</em></strong></span> 
     </span>
     <span class='ocr_line' id='line_1_11' title="bbox 360 1399 1154 1491; baseline 0.003 -25"><span class='ocrx_word' id='word_1_59' title='bbox 360 1401 460 1487; x_wconf 84' lang='grc' dir='ltr'><strong><em>πυρὰν</em></strong></span> <span class='ocrx_word' id='word_1_60' title='bbox 476 1399 585 1488; x_wconf 71' lang='grc' dir='ltr'><strong><em>ὑφῆψε</em></strong></span> <span class='ocrx_word' id='word_1_61' title='bbox 600 1402 732 1490; x_wconf 78' lang='grc' dir='ltr'><strong><em>λιπαρὰν</em></strong></span> <span class='ocrx_word' id='word_1_62' title='bbox 743 1401 832 1480; x_wconf 81' lang='grc' dir='ltr'><strong><em>ύλαις</em></strong></span> <span class='ocrx_word' id='word_1_63' title='bbox 849 1400 1002 1491; x_wconf 76' lang='grc' dir='ltr'><strong><em>ἀφθόνοις</em></strong></span> <span class='ocrx_word' id='word_1_64' title='bbox 1017 1404 1154 1491; x_wconf 79' lang='grc' dir='ltr'><strong><em>θρέψας,</em></strong></span> 
     </span>
     <span class='ocr_line' id='line_1_12' title="bbox 364 1503 1234 1594; baseline 0.002 -26"><span class='ocrx_word' id='word_1_65' title='bbox 364 1507 415 1568; x_wconf 79' lang='grc' dir='ltr'>καὶ</span> <span class='ocrx_word' id='word_1_66' title='bbox 430 1503 486 1582; x_wconf 83' lang='grc' dir='ltr'>τὰς</span> <span class='ocrx_word' id='word_1_67' title='bbox 495 1512 615 1592; x_wconf 82' lang='grc' dir='ltr'><strong><em>χρυσᾶς</em></strong></span> <span class='ocrx_word' id='word_1_68' title='bbox 629 1505 807 1592; x_wconf 78' lang='grc' dir='ltr'><strong><em>συναγαγὼν</em></strong></span> <span class='ocrx_word' id='word_1_69' title='bbox 822 1508 873 1571; x_wconf 76' lang='grc' dir='ltr'>καὶ</span> <span class='ocrx_word' id='word_1_70' title='bbox 887 1505 1117 1594; x_wconf 81' lang='grc' dir='ltr'><strong><em>λιθοστρώτους</em></strong></span> <span class='ocrx_word' id='word_1_71' title='bbox 1130 1504 1234 1583; x_wconf 86' lang='grc' dir='ltr'><strong><em>κλίνας</em></strong></span> 
     </span>
     <span class='ocr_line' id='line_1_13' title="bbox 364 1609 1233 1700; baseline 0 -26"><span class='ocrx_word' id='word_1_72' title='bbox 364 1611 416 1674; x_wconf 83' lang='grc' dir='ltr'>καί</span> <span class='ocrx_word' id='word_1_73' title='bbox 432 1609 505 1685; x_wconf 80' lang='grc' dir='ltr'><strong><em>τούς</em></strong></span> <span class='ocrx_word' id='word_1_74' title='bbox 519 1611 674 1687; x_wconf 76' lang='grc' dir='ltr'><strong><em>ποικίλους</em></strong></span> <span class='ocrx_word' id='word_1_75' title='bbox 688 1610 871 1692; x_wconf 83' lang='grc' dir='ltr'><strong><em>στολισμούς</em></strong></span> <span class='ocrx_word' id='word_1_76' title='bbox 888 1613 939 1676; x_wconf 82' lang='grc' dir='ltr'>καλ</span> <span class='ocrx_word' id='word_1_77' title='bbox 954 1609 1090 1676; x_wconf 80' lang='grc' dir='ltr'><strong><em>τάλαντα</em></strong></span> <span class='ocrx_word' id='word_1_78' title='bbox 1101 1612 1233 1700; x_wconf 86' lang='grc' dir='ltr'><strong><em>χρυσίου</em></strong></span> 
     </span>
     <span class='ocr_line' id='line_1_14' title="bbox 365 1708 1068 1798; baseline 0.004 -23"><span class='ocrx_word' id='word_1_79' title='bbox 365 1714 416 1776; x_wconf 77' lang='grc' dir='ltr'>καί</span> <span class='ocrx_word' id='word_1_80' title='bbox 430 1717 491 1776; x_wconf 79' lang='grc' dir='ltr'><strong><em>πᾶν</em></strong></span> <span class='ocrx_word' id='word_1_81' title='bbox 506 1708 611 1790; x_wconf 77' lang='grc' dir='ltr'><strong><em>ἅπλῶς</em></strong></span> <span class='ocrx_word' id='word_1_82' title='bbox 623 1714 779 1796; x_wconf 78' lang='grc' dir='ltr'><strong><em>βασίλειον</em></strong></span> <span class='ocrx_word' id='word_1_83' title='bbox 790 1711 863 1779; x_wconf 75' lang='grc' dir='ltr'><strong><em>ὅσον</em></strong></span> <span class='ocrx_word' id='word_1_84' title='bbox 879 1715 911 1780; x_wconf 90' lang='grc' dir='ltr'><strong><em>ἐν</em></strong></span> <span class='ocrx_word' id='word_1_85' title='bbox 927 1714 1068 1798; x_wconf 73' lang='grc' dir='ltr'><strong><em>ἱματίοις,</em></strong></span> 
     </span>
     <span class='ocr_line' id='line_1_15' title="bbox 280 1811 1196 1906; baseline 0.001 -24"><span class='ocrx_word' id='word_1_86' title='bbox 280 1811 344 1882; x_wconf 82' lang='lat'>640</span> <span class='ocrx_word' id='word_1_87' title='bbox 364 1814 438 1880; x_wconf 85' lang='grc' dir='ltr'><strong><em>ὅσον</em></strong></span> <span class='ocrx_word' id='word_1_88' title='bbox 453 1817 484 1880; x_wconf 81' lang='grc' dir='ltr'><strong><em>ἐν</em></strong></span> <span class='ocrx_word' id='word_1_89' title='bbox 496 1813 613 1883; x_wconf 76' lang='grc' dir='ltr'><strong><em>σκεύεσι</em></strong></span> <span class='ocrx_word' id='word_1_90' title='bbox 622 1827 765 1904; x_wconf 84' lang='grc' dir='ltr'><strong><em>χρυσοῖς,</em></strong></span> <span class='ocrx_word' id='word_1_91' title='bbox 787 1818 820 1882; x_wconf 90' lang='grc' dir='ltr'><strong><em>ἐν</em></strong></span> <span class='ocrx_word' id='word_1_92' title='bbox 833 1819 948 1896; x_wconf 84' lang='grc' dir='ltr'><strong><em>λίθοις,</em></strong></span> <span class='ocrx_word' id='word_1_93' title='bbox 967 1818 999 1882; x_wconf 77' lang='grc' dir='ltr'><strong><em>ἓν</em></strong></span> <span class='ocrx_word' id='word_1_94' title='bbox 1014 1812 1196 1906; x_wconf 85' lang='grc' dir='ltr'><strong><em>μαργύροις,</em></strong></span> 
     </span>
     <span class='ocr_line' id='line_1_16' title="bbox 223 1916 1083 2008; baseline 0.003 -25"><span class='ocrx_word' id='word_1_95' title='bbox 223 1931 246 1984; x_wconf 91' lang='grc' dir='ltr'><strong>Β</strong></span> <span class='ocrx_word' id='word_1_96' title='bbox 364 1919 444 1984; x_wconf 82' lang='grc' dir='ltr'><strong><em>κατὰ</em></strong></span> <span class='ocrx_word' id='word_1_97' title='bbox 455 1925 555 2008; x_wconf 78' lang='grc' dir='ltr'><strong><em>πυροῖς</em></strong></span> <span class='ocrx_word' id='word_1_98' title='bbox 568 1918 706 2004; x_wconf 77' lang='grc' dir='ltr'><strong><em>ἠκόντισε</em></strong></span> <span class='ocrx_word' id='word_1_99' title='bbox 718 1919 819 1986; x_wconf 78' lang='grc' dir='ltr'><strong><em>πάντα</em></strong></span> <span class='ocrx_word' id='word_1_100' title='bbox 833 1927 888 2004; x_wconf 84' lang='grc' dir='ltr'>τῆς</span> <span class='ocrx_word' id='word_1_101' title='bbox 901 1916 1083 2002; x_wconf 72' lang='grc' dir='ltr'><strong><em>πολυξύλου,</em></strong></span> 
     </span>
     <span class='ocr_line' id='line_1_17' title="bbox 360 2021 1170 2102; baseline 0.002 -14"><span class='ocrx_word' id='word_1_102' title='bbox 360 2025 410 2088; x_wconf 80' lang='grc' dir='ltr'>καὶ</span> <span class='ocrx_word' id='word_1_103' title='bbox 427 2029 597 2090; x_wconf 82' lang='grc' dir='ltr'><strong><em>τελευταῖον</em></strong></span> <span class='ocrx_word' id='word_1_104' title='bbox 618 2021 738 2090; x_wconf 72' lang='grc' dir='ltr'><strong><em>ἔαυτόν.</em></strong></span> <span class='ocrx_word' id='word_1_105' title='bbox 784 2023 951 2091; x_wconf 72' lang='grc' dir='ltr'><strong><em>κάντεῦθεν</em></strong></span> <span class='ocrx_word' id='word_1_106' title='bbox 962 2025 998 2102; x_wconf 67' lang='grc' dir='ltr'>ιοἱ</span> <span class='ocrx_word' id='word_1_107' title='bbox 1013 2027 1170 2092; x_wconf 71' lang='grc' dir='ltr'><strong><em>Χαλδαῖοι</em></strong></span> 
     </span>
     <span class='ocr_line' id='line_1_18' title="bbox 357 2125 1107 2216; baseline -0.003 -22"><span class='ocrx_word' id='word_1_108' title='bbox 357 2127 436 2194; x_wconf 83' lang='grc' dir='ltr'><strong><em>κατὰ</em></strong></span> <span class='ocrx_word' id='word_1_109' title='bbox 453 2129 568 2211; x_wconf 86' lang='grc' dir='ltr'><strong><em>πολλὴν</em></strong></span> <span class='ocrx_word' id='word_1_110' title='bbox 579 2127 636 2212; x_wconf 81' lang='grc' dir='ltr'>τὴν</span> <span class='ocrx_word' id='word_1_111' title='bbox 649 2127 754 2193; x_wconf 71' lang='grc' dir='ltr'><strong><em>ἄδειαν</em></strong></span> <span class='ocrx_word' id='word_1_112' title='bbox 770 2125 918 2216; x_wconf 80' lang='grc' dir='ltr'><strong><em>ἐκράτουν</em></strong></span> <span class='ocrx_word' id='word_1_113' title='bbox 927 2129 1107 2215; x_wconf 83' lang='grc' dir='ltr'><strong><em>Ἀσσυρίων,</em></strong></span> 
     </span>
     <span class='ocr_line' id='line_1_19' title="bbox 297 2226 1207 2320; baseline -0.001 -24"><span class='ocrx_word' id='word_1_114' title='bbox 297 2277 302 2285; x_wconf 85' lang='grc'>-</span> <span class='ocrx_word' id='word_1_115' title='bbox 360 2233 410 2296; x_wconf 79' lang='grc' dir='ltr'>καλ</span> <span class='ocrx_word' id='word_1_116' title='bbox 427 2231 483 2314; x_wconf 81' lang='grc' dir='ltr'>τὴν</span> <span class='ocrx_word' id='word_1_117' title='bbox 498 2230 595 2314; x_wconf 76' lang='grc' dir='ltr'><strong><em>ἀρχὴν</em></strong></span> <span class='ocrx_word' id='word_1_118' title='bbox 611 2234 653 2307; x_wconf 86' lang='grc' dir='ltr'>είς</span> <span class='ocrx_word' id='word_1_119' title='bbox 665 2229 793 2308; x_wconf 73' lang='grc' dir='ltr'><strong><em>ἑαυτούς</em></strong></span> <span class='ocrx_word' id='word_1_120' title='bbox 805 2233 962 2314; x_wconf 84' lang='grc' dir='ltr'><strong><em>μεθίστων</em></strong></span> <span class='ocrx_word' id='word_1_121' title='bbox 973 2235 1025 2297; x_wconf 77' lang='grc' dir='ltr'>καὶ</span> <span class='ocrx_word' id='word_1_122' title='bbox 1036 2231 1071 2297; x_wconf 89' lang='grc' dir='ltr'>τδ</span> <span class='ocrx_word' id='word_1_123' title='bbox 1084 2226 1207 2320; x_wconf 82' lang='grc' dir='ltr'><strong><em>κρδτος.</em></strong></span> 
     </span>
     <span class='ocr_line' id='line_1_20' title="bbox 275 2327 1293 2423; baseline -0.002 -23"><span class='ocrx_word' id='word_1_124' title='bbox 275 2331 339 2400; x_wconf 83' lang='grc'>645</span> <span class='ocrx_word' id='word_1_125' title='bbox 408 2333 494 2400; x_wconf 80' lang='grc' dir='ltr'><strong><em>Μετ’</em></strong></span> <span class='ocrx_word' id='word_1_126' title='bbox 508 2333 688 2420; x_wconf 78' lang='grc' dir='ltr'><strong><em>Ἀσσυρίους</em></strong></span> <span class='ocrx_word' id='word_1_127' title='bbox 699 2335 775 2412; x_wconf 86' lang='grc' dir='ltr'><strong><em>τέως</em></strong></span> <span class='ocrx_word' id='word_1_128' title='bbox 789 2335 822 2399; x_wconf 78' lang='grc' dir='ltr'>δ’</span> <span class='ocrx_word' id='word_1_129' title='bbox 838 2327 892 2400; x_wconf 72' lang='grc' dir='ltr'><strong><em>οὖν</em></strong></span> <span class='ocrx_word' id='word_1_130' title='bbox 907 2339 1060 2423; x_wconf 80' lang='grc' dir='ltr'><strong><em>κατῆρξαν</em></strong></span> <span class='ocrx_word' id='word_1_131' title='bbox 1075 2336 1104 2401; x_wconf 83' lang='lat' dir='ltr'>oi</span> <span class='ocrx_word' id='word_1_132' title='bbox 1119 2336 1293 2415; x_wconf 76' lang='grc' dir='ltr'><strong><em>Χαλδαῖοι,</em></strong></span> 
     </span>
     <span class='ocr_line' id='line_1_21' title="bbox 362 2434 1243 2527; baseline 0.005 -26"><span class='ocrx_word' id='word_1_133' title='bbox 362 2440 412 2501; x_wconf 78' lang='grc' dir='ltr'>καὶ</span> <span class='ocrx_word' id='word_1_134' title='bbox 426 2436 460 2501; x_wconf 82' lang='grc' dir='ltr'>τὸ</span> <span class='ocrx_word' id='word_1_135' title='bbox 475 2444 531 2520; x_wconf 84' lang='grc' dir='ltr'>τῆς</span> <span class='ocrx_word' id='word_1_136' title='bbox 544 2434 638 2521; x_wconf 77' lang='grc' dir='ltr'><strong><em>τύχης</em></strong></span> <span class='ocrx_word' id='word_1_137' title='bbox 653 2440 791 2523; x_wconf 77' lang='grc' dir='ltr'><strong><em>παίγνιον</em></strong></span> <span class='ocrx_word' id='word_1_138' title='bbox 804 2441 856 2504; x_wconf 78' lang='grc' dir='ltr'>καί</span> <span class='ocrx_word' id='word_1_139' title='bbox 872 2437 967 2521; x_wconf 81' lang='grc' dir='ltr'><strong><em>κύβος</em></strong></span> <span class='ocrx_word' id='word_1_140' title='bbox 980 2446 1042 2504; x_wconf 82' lang='grc' dir='ltr'>τῶν</span> <span class='ocrx_word' id='word_1_141' title='bbox 1055 2438 1243 2527; x_wconf 79' lang='grc' dir='ltr'><strong><em>πραγμάτων</em></strong></span> 
     </span>
     <span class='ocr_line' id='line_1_22' title="bbox 360 2538 1129 2625; baseline 0.001 -19"><span class='ocrx_word' id='word_1_142' title='bbox 360 2538 466 2616; x_wconf 72' lang='grc' dir='ltr'><strong><em>ἄλλοις</em></strong></span> <span class='ocrx_word' id='word_1_143' title='bbox 480 2541 633 2621; x_wconf 73' lang='grc' dir='ltr'><strong><em>ἐμπαῖξαι</em></strong></span> <span class='ocrx_word' id='word_1_144' title='bbox 649 2540 759 2618; x_wconf 78' lang='grc' dir='ltr'><strong><em>ἱκανῶς</em></strong></span> <span class='ocrx_word' id='word_1_145' title='bbox 772 2544 932 2625; x_wconf 79' lang='grc' dir='ltr'><strong><em>μετέπεσεν</em></strong></span> <span class='ocrx_word' id='word_1_146' title='bbox 946 2546 990 2619; x_wconf 88' lang='grc' dir='ltr'>είς</span> <span class='ocrx_word' id='word_1_147' title='bbox 1006 2542 1129 2622; x_wconf 77' lang='grc' dir='ltr'><strong><em>ἄλλους.</em></strong></span> 
     </span>
     <span class='ocr_line' id='line_1_23' title="bbox 327 2640 1054 2733; baseline 0.01 -30"><span class='ocrx_word' id='word_1_148' title='bbox 327 2698 329 2703; x_wconf 93' lang='grc'>.</span> <span class='ocrx_word' id='word_1_149' title='bbox 361 2640 450 2726; x_wconf 76' lang='grc' dir='ltr'><strong><em>ἡνίκα</em></strong></span> <span class='ocrx_word' id='word_1_150' title='bbox 465 2645 499 2709; x_wconf 79' lang='grc' dir='ltr'>δέ</span> <span class='ocrx_word' id='word_1_151' title='bbox 512 2644 667 2726; x_wconf 83' lang='grc' dir='ltr'><strong><em>συνέβαινε</em></strong></span> <span class='ocrx_word' id='word_1_152' title='bbox 683 2650 782 2711; x_wconf 78' lang='grc' dir='ltr'><strong><em>ταῦτα</em></strong></span> <span class='ocrx_word' id='word_1_153' title='bbox 794 2657 858 2724; x_wconf 77' lang='grc' dir='ltr'><strong><em>τοῖς</em></strong></span> <span class='ocrx_word' id='word_1_154' title='bbox 865 2646 1037 2733; x_wconf 81' lang='grc' dir='ltr'><strong><em>Ἀσσυρίοις</em></strong></span> <span class='ocrx_word' id='word_1_155' title='bbox 1041 2695 1054 2729; x_wconf 88' lang='grc'><strong><em>,</em></strong></span> 
     </span>
     <span class='ocr_line' id='line_1_24' title="bbox 346 2742 993 2834; baseline 0.009 -24"><span class='ocrx_word' id='word_1_156' title='bbox 346 2742 511 2834; x_wconf 74' lang='grc' dir='ltr'><strong><em>’Ἑβραίων</em></strong></span> <span class='ocrx_word' id='word_1_157' title='bbox 527 2750 676 2834; x_wconf 88' lang='grc' dir='ltr'><strong><em>ἐκυρίευεν</em></strong></span> <span class='ocrx_word' id='word_1_158' title='bbox 691 2746 708 2813; x_wconf 82' lang='grc' dir='ltr'><strong><em>ὃ</em></strong></span> <span class='ocrx_word' id='word_1_159' title='bbox 723 2750 993 2831; x_wconf 78' lang='grc' dir='ltr'><strong><em>βασιλεύςὈζίας,</em></strong></span> 
     </span>
     <span class='ocr_line' id='line_1_25' title="bbox 277 2848 1107 2942; baseline 0.001 -27"><span class='ocrx_word' id='word_1_160' title='bbox 277 2848 340 2916; x_wconf 88' lang='grc'>650</span> <span class='ocrx_word' id='word_1_161' title='bbox 360 2851 491 2934; x_wconf 63' lang='grc' dir='ltr'><strong><em>ἕβδομος</em></strong></span> <span class='ocrx_word' id='word_1_162' title='bbox 504 2849 546 2917; x_wconf 78' lang='grc' dir='ltr'><strong><em>ὢν</em></strong></span> <span class='ocrx_word' id='word_1_163' title='bbox 558 2851 618 2917; x_wconf 82' lang='grc' dir='ltr'>ἇπδ</span> <span class='ocrx_word' id='word_1_164' title='bbox 634 2852 741 2937; x_wconf 79' lang='grc' dir='ltr'><strong><em>Δαβὶδ</em></strong></span> <span class='ocrx_word' id='word_1_165' title='bbox 755 2859 812 2921; x_wconf 77' lang='grc' dir='ltr'>τοῦ</span> <span class='ocrx_word' id='word_1_166' title='bbox 822 2849 1107 2942; x_wconf 82' lang='grc' dir='ltr'><strong><em>προφητικιυτύτου.</em></strong></span> 
     </span>
    </p>
   </div>
   <div class='ocr_carea' id='block_1_4' title="bbox 326 3038 1357 3187">
    <p class='ocr_par' dir='ltr' id='par_1_5' title="bbox 326 3038 1357 3187">
     <span class='ocr_line' id='line_1_26' title="bbox 326 3038 1357 3115; baseline 0.013 -14"><span class='ocrx_word' id='word_1_167' title='bbox 326 3043 698 3115; x_wconf 78' lang='grc' dir='ltr'><strong><em>633τοιλςοτρατηγοδςΜ</em></strong></span> <span class='ocrx_word' id='word_1_168' title='bbox 801 3048 1026 3107; x_wconf 71' lang='grc' dir='ltr'><strong><em>αδδίοαιΔΜ</em></strong></span> <span class='ocrx_word' id='word_1_169' title='bbox 1127 3038 1357 3113; x_wconf 59' lang='lat' dir='ltr'>ffllmll‘l&#39;ffl</span> 
     </span>
     <span class='ocr_line' id='line_1_27' title="bbox 327 3111 751 3187; baseline 0.009 -18"><span class='ocrx_word' id='word_1_170' title='bbox 327 3116 378 3171; x_wconf 83' lang='lat'>645</span> <span class='ocrx_word' id='word_1_171' title='bbox 393 3111 547 3187; x_wconf 80' lang='grc' dir='ltr'><strong><em>ἐκράτησαν</em></strong></span> <span class='ocrx_word' id='word_1_172' title='bbox 564 3118 704 3173; x_wconf 82' lang='grc' dir='ltr'><strong><em>Χαλδαῖοι</em></strong></span> <span class='ocrx_word' id='word_1_173' title='bbox 719 3116 751 3173; x_wconf 89' lang='grc' dir='ltr'><strong>Μ</strong></span> 
     </span>
    </p>
   </div>
   <div class='ocr_carea' id='block_1_5' title="bbox 251 3286 1362 4402">
    <p class='ocr_par' dir='ltr' id='par_1_6' title="bbox 251 3286 1358 4123">
     <span class='ocr_line' id='line_1_28' title="bbox 257 3286 1358 3374; baseline -0.004 -31"><span class='ocrx_word' id='word_1_174' title='bbox 257 3286 459 3355; x_wconf 77' lang='lat' dir='ltr'>hnecyndaraxi</span> <span class='ocrx_word' id='word_1_175' title='bbox 468 3286 560 3355; x_wconf 80' lang='lat' dir='ltr'>filium,</span> <span class='ocrx_word' id='word_1_176' title='bbox 571 3306 631 3343; x_wconf 88' lang='lat' dir='ltr'>esse</span> <span class='ocrx_word' id='word_1_177' title='bbox 642 3288 773 3343; x_wconf 86' lang='lat' dir='ltr'>honinem</span> <span class='ocrx_word' id='word_1_178' title='bbox 785 3288 913 3344; x_wconf 85' lang='lat' dir='ltr'>eiusmodi</span> <span class='ocrx_word' id='word_1_179' title='bbox 925 3290 972 3374; x_wconf 83' lang='lat' dir='ltr'>qui</span> <span class='ocrx_word' id='word_1_180' title='bbox 982 3304 1122 3360; x_wconf 84' lang='lat' dir='ltr'>porcorum</span> <span class='ocrx_word' id='word_1_181' title='bbox 1131 3286 1358 3355; x_wconf 85' lang='lat' dir='ltr'>iumentorumque</span> 
     </span>
     <span class='ocr_line' id='line_1_29' title="bbox 257 3355 1356 3430; baseline -0.002 -20"><span class='ocrx_word' id='word_1_182' title='bbox 257 3374 330 3410; x_wconf 88' lang='lat' dir='ltr'>more</span> <span class='ocrx_word' id='word_1_183' title='bbox 341 3356 453 3423; x_wconf 87' lang='lat' dir='ltr'>viveret,</span> <span class='ocrx_word' id='word_1_184' title='bbox 469 3358 635 3411; x_wconf 74' lang='lat' dir='ltr'><strong>saltationum</strong></span> <span class='ocrx_word' id='word_1_185' title='bbox 648 3368 729 3430; x_wconf 87' lang='lat' dir='ltr'>atque</span> <span class='ocrx_word' id='word_1_186' title='bbox 743 3359 862 3413; x_wconf 89' lang='lat' dir='ltr'>ludorum</span> <span class='ocrx_word' id='word_1_187' title='bbox 875 3363 1008 3413; x_wconf 75' lang='lat' dir='ltr'>studiosus</span> <span class='ocrx_word' id='word_1_188' title='bbox 1021 3365 1102 3426; x_wconf 87' lang='lat' dir='ltr'>esset,</span> <span class='ocrx_word' id='word_1_189' title='bbox 1118 3375 1150 3411; x_wconf 84' lang='lat' dir='ltr'>ec</span> <span class='ocrx_word' id='word_1_190' title='bbox 1162 3355 1283 3409; x_wconf 86' lang='lat' dir='ltr'>muheres</span> <span class='ocrx_word' id='word_1_191' title='bbox 1296 3358 1356 3409; x_wconf 83' lang='lat' dir='ltr'>irni-</span> 
     </span>
     <span class='ocr_line' id='line_1_30' title="bbox 256 3426 1358 3499; baseline 0 -19"><span class='ocrx_word' id='word_1_192' title='bbox 256 3434 372 3493; x_wconf 85' lang='lat' dir='ltr'>taretur‚</span> <span class='ocrx_word' id='word_1_193' title='bbox 395 3426 468 3495; x_wconf 89' lang='lat' dir='ltr'>ipsos</span> <span class='ocrx_word' id='word_1_194' title='bbox 489 3445 522 3479; x_wconf 88' lang='lat' dir='ltr'>eo</span> <span class='ocrx_word' id='word_1_195' title='bbox 542 3438 692 3497; x_wconf 85' lang='lat' dir='ltr'>contempto</span> <span class='ocrx_word' id='word_1_196' title='bbox 711 3436 836 3499; x_wconf 78' lang='lat' dir='ltr'>tauquam</span> <span class='ocrx_word' id='word_1_197' title='bbox 848 3429 919 3481; x_wconf 89' lang='lat' dir='ltr'>molli</span> <span class='ocrx_word' id='word_1_198' title='bbox 932 3432 1012 3483; x_wconf 89' lang='lat' dir='ltr'>corda</span> <span class='ocrx_word' id='word_1_199' title='bbox 1027 3427 1164 3498; x_wconf 84' lang='lat' dir='ltr'>praedito,</span> <span class='ocrx_word' id='word_1_200' title='bbox 1187 3426 1358 3495; x_wconf 73' lang='lat' dir='ltr'>expeditione</span> 
     </span>
     <span class='ocr_line' id='line_1_31' title="bbox 255 3495 1357 3567; baseline 0 -18"><span class='ocrx_word' id='word_1_201' title='bbox 255 3505 380 3565; x_wconf 86' lang='lat' dir='ltr'>susceptu</span> <span class='ocrx_word' id='word_1_202' title='bbox 390 3496 455 3549; x_wconf 80' lang='lat' dir='ltr'>sorti</span> <span class='ocrx_word' id='word_1_203' title='bbox 465 3512 521 3549; x_wconf 89' lang='lat' dir='ltr'>curn</span> <span class='ocrx_word' id='word_1_204' title='bbox 534 3498 653 3551; x_wconf 85' lang='lat' dir='ltr'>exercitu</span> <span class='ocrx_word' id='word_1_205' title='bbox 664 3498 779 3566; x_wconf 86' lang='lat' dir='ltr'>venisse,</span> <span class='ocrx_word' id='word_1_206' title='bbox 793 3515 923 3567; x_wconf 83' lang='lat' dir='ltr'>manuque</span> <span class='ocrx_word' id='word_1_207' title='bbox 935 3514 993 3551; x_wconf 83' lang='lat' dir='ltr'>curu</span> <span class='ocrx_word' id='word_1_208' title='bbox 1009 3495 1183 3565; x_wconf 82' lang='lat' dir='ltr'>Sardanapali</span> <span class='ocrx_word' id='word_1_209' title='bbox 1196 3495 1279 3548; x_wconf 87' lang='lat' dir='ltr'>milite</span> <span class='ocrx_word' id='word_1_210' title='bbox 1292 3514 1357 3549; x_wconf 85' lang='lat' dir='ltr'>con-</span> 
     </span>
     <span class='ocr_line' id='line_1_32' title="bbox 255 3565 1356 3635; baseline -0.001 -16"><span class='ocrx_word' id='word_1_211' title='bbox 255 3574 328 3619; x_wconf 83' lang='lat' dir='ltr'>serte</span> <span class='ocrx_word' id='word_1_212' title='bbox 344 3566 372 3618; x_wconf 90' lang='lat' dir='ltr'>in</span> <span class='ocrx_word' id='word_1_213' title='bbox 387 3566 475 3633; x_wconf 84' lang='lat' dir='ltr'>fugam</span> <span class='ocrx_word' id='word_1_214' title='bbox 491 3567 604 3619; x_wconf 81' lang='lat' dir='ltr'>vertisse</span> <span class='ocrx_word' id='word_1_215' title='bbox 619 3570 721 3635; x_wconf 89' lang='lat' dir='ltr'>ducem,</span> <span class='ocrx_word' id='word_1_216' title='bbox 732 3580 770 3620; x_wconf 84' lang='lat' dir='ltr'>&#39;ec</span> <span class='ocrx_word' id='word_1_217' title='bbox 787 3568 816 3619; x_wconf 86' lang='lat' dir='ltr'>vi</span> <span class='ocrx_word' id='word_1_218' title='bbox 828 3570 862 3622; x_wconf 90' lang='lat' dir='ltr'>de</span> <span class='ocrx_word' id='word_1_219' title='bbox 875 3569 1030 3622; x_wconf 75' lang='lat' dir='ltr'>adversario</span> <span class='ocrx_word' id='word_1_220' title='bbox 1044 3567 1157 3621; x_wconf 76' lang='lat' dir='ltr'>victorie</span> <span class='ocrx_word' id='word_1_221' title='bbox 1169 3565 1269 3635; x_wconf 85' lang='lat' dir='ltr'>potitos</span> <span class='ocrx_word' id='word_1_222' title='bbox 1285 3582 1356 3619; x_wconf 88' lang='lat' dir='ltr'>esse.</span> 
     </span>
     <span class='ocr_line' id='line_1_33' title="bbox 255 3635 1356 3705; baseline -0.001 -18"><span class='ocrx_word' id='word_1_223' title='bbox 255 3637 397 3705; x_wconf 88' lang='lat' dir='ltr'>quodcum</span> <span class='ocrx_word' id='word_1_224' title='bbox 414 3635 492 3688; x_wconf 85' lang='lat' dir='ltr'>misor</span> <span class='ocrx_word' id='word_1_225' title='bbox 507 3636 695 3703; x_wconf 73' lang='lat' dir='ltr'><strong>intellexisset,</strong></span> <span class='ocrx_word' id='word_1_226' title='bbox 718 3637 861 3690; x_wconf 83' lang='lat' dir='ltr'>destitutus</span> <span class='ocrx_word' id='word_1_227' title='bbox 877 3640 910 3691; x_wconf 90' lang='lat' dir='ltr'>ab</span> <span class='ocrx_word' id='word_1_228' title='bbox 930 3638 1049 3691; x_wconf 86' lang='lat' dir='ltr'>omuibus</span> <span class='ocrx_word' id='word_1_229' title='bbox 1068 3636 1192 3705; x_wconf 76' lang='lat' dir='ltr'><strong>pinguem</strong></span> <span class='ocrx_word' id='word_1_230' title='bbox 1207 3651 1300 3702; x_wconf 83' lang='lat' dir='ltr'>rogum</span> <span class='ocrx_word' id='word_1_231' title='bbox 1312 3637 1356 3687; x_wconf 91' lang='lat' dir='ltr'>in-</span> 
     </span>
     <span class='ocr_line' id='line_1_34' title="bbox 254 3704 1357 3775; baseline 0 -18"><span class='ocrx_word' id='word_1_232' title='bbox 254 3705 354 3772; x_wconf 77' lang='lat' dir='ltr'>cendit,</span> <span class='ocrx_word' id='word_1_233' title='bbox 370 3704 478 3773; x_wconf 91' lang='lat' dir='ltr'>copiosa</span> <span class='ocrx_word' id='word_1_234' title='bbox 491 3706 601 3758; x_wconf 84' lang='lat' dir='ltr'>materie</span> <span class='ocrx_word' id='word_1_235' title='bbox 617 3707 751 3774; x_wconf 83' lang='lat' dir='ltr'>nutritura,</span> <span class='ocrx_word' id='word_1_236' title='bbox 768 3705 938 3775; x_wconf 74' lang='lat' dir='ltr'>collectisque</span> <span class='ocrx_word' id='word_1_237' title='bbox 951 3706 1053 3760; x_wconf 80' lang='lat' dir='ltr'>lectulis</span> <span class='ocrx_word' id='word_1_238' title='bbox 1067 3704 1156 3759; x_wconf 85' lang='lat' dir='ltr'>aureis</span> <span class='ocrx_word' id='word_1_239' title='bbox 1169 3711 1198 3757; x_wconf 90' lang='lat' dir='ltr'>et</span> <span class='ocrx_word' id='word_1_240' title='bbox 1210 3704 1357 3772; x_wconf 81' lang='lat' dir='ltr'>gemmatis,</span> 
     </span>
     <span class='ocr_line' id='line_1_35' title="bbox 251 3773 1357 3846; baseline 0 -20"><span class='ocrx_word' id='word_1_241' title='bbox 251 3776 368 3843; x_wconf 86' lang='lat' dir='ltr'>itemque</span> <span class='ocrx_word' id='word_1_242' title='bbox 380 3774 462 3826; x_wconf 70' lang='lat' dir='ltr'>n‘uriis</span> <span class='ocrx_word' id='word_1_243' title='bbox 473 3775 631 3828; x_wconf 84' lang='lat' dir='ltr'>indumentis</span> <span class='ocrx_word' id='word_1_244' title='bbox 645 3784 674 3829; x_wconf 87' lang='lat' dir='ltr'>et</span> <span class='ocrx_word' id='word_1_245' title='bbox 688 3776 795 3829; x_wconf 84' lang='lat' dir='ltr'>talentis</span> <span class='ocrx_word' id='word_1_246' title='bbox 812 3776 879 3842; x_wconf 87' lang='lat' dir='ltr'>ouri,</span> <span class='ocrx_word' id='word_1_247' title='bbox 893 3776 963 3830; x_wconf 80' lang='lat' dir='ltr'>ordei</span> <span class='ocrx_word' id='word_1_248' title='bbox 976 3777 1091 3846; x_wconf 86' lang='lat' dir='ltr'>denique</span> <span class='ocrx_word' id='word_1_249' title='bbox 1106 3773 1269 3844; x_wconf 78' lang='lat' dir='ltr'>supellectile</span> <span class='ocrx_word' id='word_1_250' title='bbox 1282 3774 1357 3843; x_wconf 80' lang='lat' dir='ltr'>regie</span> 
     </span>
     <span class='ocr_line' id='line_1_36' title="bbox 252 3846 1357 3914; baseline -0.001 -18"><span class='ocrx_word' id='word_1_251' title='bbox 252 3846 366 3898; x_wconf 79' lang='lat' dir='ltr'>vestium</span> <span class='ocrx_word' id='word_1_252' title='bbox 387 3860 562 3913; x_wconf 81' lang='lat' dir='ltr'>vasorinnque</span> <span class='ocrx_word' id='word_1_253' title='bbox 585 3861 722 3898; x_wconf 82' lang='lat' dir='ltr'>aureorum</span> <span class='ocrx_word' id='word_1_254' title='bbox 739 3864 770 3899; x_wconf 84' lang='lat' dir='ltr'>ee</span> <span class='ocrx_word' id='word_1_255' title='bbox 787 3862 959 3914; x_wconf 82' lang='lat' dir='ltr'>gemmarum,</span> <span class='ocrx_word' id='word_1_256' title='bbox 988 3846 1125 3911; x_wconf 85' lang='lat' dir='ltr'>unionum,</span> <span class='ocrx_word' id='word_1_257' title='bbox 1145 3860 1248 3897; x_wconf 84' lang='lat' dir='ltr'>necnon</span> <span class='ocrx_word' id='word_1_258' title='bbox 1262 3851 1357 3897; x_wconf 81' lang='lat' dir='ltr'>cuneta</span> 
     </span>
     <span class='ocr_line' id='line_1_37' title="bbox 252 3912 1356 3983; baseline -0.001 -18"><span class='ocrx_word' id='word_1_259' title='bbox 252 3914 282 3966; x_wconf 91' lang='lat' dir='ltr'>in</span> <span class='ocrx_word' id='word_1_260' title='bbox 298 3930 390 3982; x_wconf 82' lang='lat' dir='ltr'>rogum</span> <span class='ocrx_word' id='word_1_261' title='bbox 406 3914 440 3967; x_wconf 88' lang='lat' dir='ltr'>de</span> <span class='ocrx_word' id='word_1_262' title='bbox 459 3912 538 3983; x_wconf 79' lang='lat' dir='ltr'>lignis</span> <span class='ocrx_word' id='word_1_263' title='bbox 553 3912 639 3967; x_wconf 87' lang='lat' dir='ltr'>multis</span> <span class='ocrx_word' id='word_1_264' title='bbox 657 3922 817 3968; x_wconf 87' lang='lat' dir='ltr'>exstructum</span> <span class='ocrx_word' id='word_1_265' title='bbox 831 3915 945 3983; x_wconf 75' lang='lat' dir='ltr'>abiecit,</span> <span class='ocrx_word' id='word_1_266' title='bbox 973 3934 1006 3969; x_wconf 88' lang='lat' dir='ltr'>ae</span> <span class='ocrx_word' id='word_1_267' title='bbox 1024 3916 1130 3968; x_wconf 80' lang='lat' dir='ltr'>tandem</span> <span class='ocrx_word' id='word_1_268' title='bbox 1143 3932 1173 3965; x_wconf 88' lang='lat' dir='ltr'>se</span> <span class='ocrx_word' id='word_1_269' title='bbox 1187 3913 1245 3981; x_wconf 88' lang='lat' dir='ltr'>ipse</span> <span class='ocrx_word' id='word_1_270' title='bbox 1258 3912 1292 3965; x_wconf 92' lang='lat' dir='ltr'>iis</span> <span class='ocrx_word' id='word_1_271' title='bbox 1306 3913 1356 3965; x_wconf 86' lang='lat' dir='ltr'>isn-</span> 
     </span>
     <span class='ocr_line' id='line_1_38' title="bbox 252 3981 1357 4053; baseline -0.001 -18"><span class='ocrx_word' id='word_1_272' title='bbox 252 3984 352 4052; x_wconf 89' lang='lat' dir='ltr'>posuit.</span> <span class='ocrx_word' id='word_1_273' title='bbox 388 3984 514 4053; x_wconf 78' lang='lat' dir='ltr'>deinceps</span> <span class='ocrx_word' id='word_1_274' title='bbox 531 3981 658 4036; x_wconf 78' lang='lat' dir='ltr'>Chaldaei</span> <span class='ocrx_word' id='word_1_275' title='bbox 675 3984 742 4037; x_wconf 82' lang='lat' dir='ltr'>citra</span> <span class='ocrx_word' id='word_1_276' title='bbox 757 4001 859 4037; x_wconf 83' lang='lat' dir='ltr'>ornnem</span> <span class='ocrx_word' id='word_1_277' title='bbox 874 3994 971 4038; x_wconf 84' lang='lat' dir='ltr'>metum</span> <span class='ocrx_word' id='word_1_278' title='bbox 985 3984 1103 4052; x_wconf 78' lang='lat' dir='ltr'>Assyriis</span> <span class='ocrx_word' id='word_1_279' title='bbox 1118 3983 1302 4053; x_wconf 75' lang='lat' dir='ltr'>imperabant,</span> <span class='ocrx_word' id='word_1_280' title='bbox 1324 3996 1357 4035; x_wconf 83' lang='lat' dir='ltr'>ae</span> 
     </span>
     <span class='ocr_line' id='line_1_39' title="bbox 252 4054 977 4123; baseline 0.001 -18"><span class='ocrx_word' id='word_1_281' title='bbox 252 4069 361 4121; x_wconf 81' lang='lat' dir='ltr'>regnum</span> <span class='ocrx_word' id='word_1_282' title='bbox 375 4062 586 4123; x_wconf 80' lang='lat' dir='ltr'>potestatemque</span> <span class='ocrx_word' id='word_1_283' title='bbox 600 4054 627 4105; x_wconf 91' lang='lat' dir='ltr'>iu</span> <span class='ocrx_word' id='word_1_284' title='bbox 640 4071 670 4106; x_wconf 94' lang='lat' dir='ltr'>se</span> <span class='ocrx_word' id='word_1_285' title='bbox 683 4055 891 4107; x_wconf 84' lang='lat' dir='ltr'>transferebant.</span> <span class='ocrx_word' id='word_1_286' title='bbox 974 4088 977 4092; x_wconf 55' lang='lat'>&lt;</span> 
     </span>
    </p>

    <p class='ocr_par' dir='ltr' id='par_1_7' title="bbox 252 4120 1362 4402">
     <span class='ocr_line' id='line_1_40' title="bbox 322 4120 1358 4193; baseline -0.001 -19"><span class='ocrx_word' id='word_1_287' title='bbox 322 4122 408 4191; x_wconf 79' lang='lat' dir='ltr'>Atque</span> <span class='ocrx_word' id='word_1_288' title='bbox 426 4123 453 4174; x_wconf 90' lang='lat' dir='ltr'>in</span> <span class='ocrx_word' id='word_1_289' title='bbox 470 4124 538 4177; x_wconf 88' lang='lat' dir='ltr'>huno</span> <span class='ocrx_word' id='word_1_290' title='bbox 557 4124 660 4175; x_wconf 88' lang='lat' dir='ltr'>mudum</span> <span class='ocrx_word' id='word_1_291' title='bbox 676 4132 737 4193; x_wconf 86' lang='lat' dir='ltr'>pest</span> <span class='ocrx_word' id='word_1_292' title='bbox 752 4124 878 4191; x_wconf 73' lang='lat' dir='ltr'>hssyfios</span> <span class='ocrx_word' id='word_1_293' title='bbox 894 4121 1022 4177; x_wconf 82' lang='lat' dir='ltr'>Chaldaei</span> <span class='ocrx_word' id='word_1_294' title='bbox 1035 4124 1114 4176; x_wconf 89' lang='lat' dir='ltr'>rebus</span> <span class='ocrx_word' id='word_1_295' title='bbox 1131 4120 1209 4192; x_wconf 86' lang='lat' dir='ltr'>potiti</span> <span class='ocrx_word' id='word_1_296' title='bbox 1226 4125 1305 4187; x_wconf 86' lang='lat' dir='ltr'>sunt,</span> <span class='ocrx_word' id='word_1_297' title='bbox 1329 4124 1358 4173; x_wconf 82' lang='lat' dir='ltr'>et</span> 
     </span>
     <span class='ocr_line' id='line_1_41' title="bbox 253 4188 1362 4261; baseline 0.001 -18"><span class='ocrx_word' id='word_1_298' title='bbox 253 4190 376 4243; x_wconf 75' lang='lat' dir='ltr'>fortunae</span> <span class='ocrx_word' id='word_1_299' title='bbox 393 4192 533 4245; x_wconf 87' lang='lat' dir='ltr'>ludibrium</span> <span class='ocrx_word' id='word_1_300' title='bbox 548 4208 688 4261; x_wconf 84' lang='lat' dir='ltr'>rerumque</span> <span class='ocrx_word' id='word_1_301' title='bbox 704 4192 762 4247; x_wconf 87' lang='lat' dir='ltr'>alea</span> <span class='ocrx_word' id='word_1_302' title='bbox 782 4210 841 4246; x_wconf 89' lang='lat' dir='ltr'>curn</span> <span class='ocrx_word' id='word_1_303' title='bbox 859 4192 917 4247; x_wconf 87' lang='lat' dir='ltr'>aliis</span> <span class='ocrx_word' id='word_1_304' title='bbox 932 4194 998 4247; x_wconf 86' lang='lat' dir='ltr'>satis</span> <span class='ocrx_word' id='word_1_305' title='bbox 1012 4191 1154 4257; x_wconf 82' lang='lat' dir='ltr'>illusisset,</span> <span class='ocrx_word' id='word_1_306' title='bbox 1181 4192 1215 4243; x_wconf 87' lang='lat' dir='ltr'>ad</span> <span class='ocrx_word' id='word_1_307' title='bbox 1231 4190 1297 4243; x_wconf 87' lang='lat' dir='ltr'>alios</span> <span class='ocrx_word' id='word_1_308' title='bbox 1314 4188 1362 4244; x_wconf 55' lang='lat' dir='ltr'>ine</span> 
     </span>
     <span class='ocr_line' id='line_1_42' title="bbox 254 4258 1358 4332; baseline 0 -22"><span class='ocrx_word' id='word_1_309' title='bbox 254 4258 373 4311; x_wconf 78' lang='lat' dir='ltr'>elinavit.</span> <span class='ocrx_word' id='word_1_310' title='bbox 407 4277 458 4327; x_wconf 88' lang='lat' dir='ltr'>quo</span> <span class='ocrx_word' id='word_1_311' title='bbox 473 4272 560 4315; x_wconf 65' lang='lat' dir='ltr'>numm</span> <span class='ocrx_word' id='word_1_312' title='bbox 575 4268 695 4332; x_wconf 86' lang='lat' dir='ltr'>tempore</span> <span class='ocrx_word' id='word_1_313' title='bbox 710 4262 829 4331; x_wconf 83' lang='lat' dir='ltr'>Assyriis</span> <span class='ocrx_word' id='word_1_314' title='bbox 845 4262 912 4314; x_wconf 88' lang='lat' dir='ltr'>haec</span> <span class='ocrx_word' id='word_1_315' title='bbox 930 4262 1101 4327; x_wconf 81' lang='lat' dir='ltr'>accidebant,</span> <span class='ocrx_word' id='word_1_316' title='bbox 1125 4260 1258 4313; x_wconf 75' lang='lat' dir='ltr'>Hebraeis</span> <span class='ocrx_word' id='word_1_317' title='bbox 1275 4258 1358 4310; x_wconf 84' lang='lat' dir='ltr'>Ozias</span> 
     </span>
     <span class='ocr_line' id='line_1_43' title="bbox 252 4326 1358 4402; baseline -0.003 -19"><span class='ocrx_word' id='word_1_318' title='bbox 252 4326 479 4401; x_wconf 63' lang='lat' dir='ltr'>saxionorum,</span> <span class='ocrx_word' id='word_1_319' title='bbox 504 4331 637 4388; x_wconf 75' lang='lat' dir='ltr'>allaride</span> <span class='ocrx_word' id='word_1_320' title='bbox 656 4331 767 4389; x_wconf 82' lang='lat' dir='ltr'>maximo</span> <span class='ocrx_word' id='word_1_321' title='bbox 786 4337 849 4390; x_wconf 74' lang='lat' dir='ltr'>rats</span> <span class='ocrx_word' id='word_1_322' title='bbox 866 4330 1005 4402; x_wconf 81' lang='lat' dir='ltr'>septimus.</span> <span class='ocrx_word' id='word_1_323' title='bbox 1041 4329 1183 4387; x_wconf 79' lang='lat' dir='ltr'>Chaldaeis</span> <span class='ocrx_word' id='word_1_324' title='bbox 1205 4329 1277 4382; x_wconf 86' lang='lat' dir='ltr'>inter</span> <span class='ocrx_word' id='word_1_325' title='bbox 1291 4326 1358 4381; x_wconf 82' lang='lat' dir='ltr'>elios</span> 
     </span>
    </p>
   </div>
   <div class='ocr_carea' id='block_1_6' title="bbox 0 0 1557 4850">
    <p class='ocr_par' dir='ltr' id='par_1_8' title="bbox 0 0 1557 4850">
     <span class='ocr_line' id='line_1_44' title="bbox 0 0 1557 4850; baseline 0 0"><span class='ocrx_word' id='word_1_326' title='bbox 0 0 1557 4850; x_wconf 95' lang='lat' dir='ltr'> </span> 
     </span>
    </p>
   </div>
  </div>
 </body>
</html>
