3100 4850
500 274 802 347 conopoeum
817 278 971 348 NOTAE.
1207 282 1282 355 229

186 440 298 504 multos
310 450 472 525 coegerunt
488 443 541 525 qui
556 440 765 505 doemonisoos
781 447 931 526 exquisite
946 445 1163 527 exprimerent,
1184 456 1216 507 et
1229 450 1281 509 lu·

187 548 253 588 rore
281 532 340 589 acti
370 530 618 610 proloquereutur
641 530 812 589 libertatem
830 531 970 609 Bulgeris
995 532 1088 592 deum
1108 533 1279 611 concedere,

187 610 299 675 Christi
317 624 481 695 martyrem
493 617 680 673 Demetrium
697 615 836 693 neglecta
850 614 1068 677 Thessalonica
1087 629 1118 677 et
1131 622 1283 679 Romano-

187 717 256 759 rum
270 696 485 759 consuetudine
501 698 539 759 sd
553 702 634 779 ipsos
647 702 830 779 pervenisse,
852 699 1024 761 ediumrnm
1037 702 1077 761 ad
1089 724 1176 783 opus.
1216 715 1283 764 turn

187 802 224 843 sc
239 786 265 843 si
276 786 383 843 maiori
395 786 503 864 spiritu
515 786 689 845 inflarentur
702 788 1000 867 exagitarenturque‚
1021 790 1186 849 maioribus
1198 792 1284 849 roci·

186 867 243 928 bus
257 870 443 943 clamitarent
466 872 529 929 ium
549 872 640 929 armis
654 872 806 930 Romanos
820 869 1025 946 invadendos,
1060 884 1163 951 captos
1175 894 1281 935 omnes

186 951 228 1013 sd
240 972 334 1013 unum
347 954 542 1015 inclementer
552 954 749 1031 occidendos,
779 974 854 1035 pace
867 967 897 1015 et
909 959 1005 1037 pretio
1017 956 1191 1035 repudietis.
1232 958 1283 1020 his

187 1046 250 1099 tota
264 1056 338 1117 gens
352 1042 497 1101 concitatu
511 1036 550 1099 ed
564 1060 648 1101 erma
660 1044 798 1116 cucurrit,
812 1052 842 1100 et
856 1060 896 1099 ex
907 1044 993 1100 initio
1005 1039 1189 1115 defectionis,
1204 1062 1284 1124 quaa

186 1124 340 1201 suspicata
351 1124 488 1201 luerunt,
509 1128 618 1187 animis
630 1129 749 1206 mugnis
763 1128 1026 1204 constebiiiuntur,
1047 1124 1139 1187 deum
1150 1128 1281 1187 libertati

186 1227 259 1269 susc
272 1206 384 1269 ferere.
425 1214 504 1270 Aur..

187 1380 228 1443 17
271 1297 360 1439 1220
371 1312 402 1355 v.
416 1297 468 1363 18.
509 1291 543 1361 sd
558 1291 593 1357 dl
604 1289 789 1380 Bovlycipcs
802 1292 916 1376 φῦλον]
937 1295 1084 1375 Gregores
1098 1294 1141 1353 lib
1154 1298 1177 1359 2
1191 1314 1224 1375 p·
1238 1298 1282 1359 26

228 1418 238 1437 .
310 1397 359 1439 ss..

270 1462 313 1522 ὓ·
330 1478 360 1523 v·
374 1468 427 1531 20·
469 1456 726 1545 dsdpccodscpri'r
739 1486 771 1529 ss
784 1463 837 1529 recl
850 1460 1003 1545 eldam]
1021 1482 1098 1545 qnae
1110 1464 1191 1523 mula
1204 1464 1281 1522 Bol-

186 1548 252 1627 gsri
264 1549 297 1606 in
310 1550 439 1610 Graecos
453 1560 483 1609 et
497 1570 602 1611 eorum
613 1553 750 1631 regiones
764 1553 920 1611 intulerint
935 1554 1026 1609 seriis
1044 1550 1281 1625 excursionibus,

186 1632 255 1692 eliis
267 1644 357 1715 etque
369 1634 437 1695 aliis
450 1633 585 1710 ducibus,
608 1647 638 1695 et
649 1639 819 1695 vastitatem
832 1638 1062 1715 provinciarum,
1081 1637 1148 1695 fuse
1159 1645 1282 1693 nument

185 1736 293 1778 omnes
315 1720 496 1779 Graecorum
517 1718 676 1797 historiae,
704 1717 806 1779 donea
822 1740 840 1778 a
854 1722 965 1780 Basilio
978 1720 1198 1797 Bnlgumctono
1210 1726 1281 1777 tan-

186 1800 258 1861 dem
276 1804 338 1865 iusi
358 1822 394 1863 ac
411 1802 554 1865 debellati
568 1816 659 1883 sumt,
684 1802 766 1865 unde
783 1806 832 1865 iiii
851 1823 963 1865 nomen
975 1806 1193 1882 Bulgaroctono
1211 1805 1282 1863 fuit.

185 1889 264 1949 Asu.

270 1970 312 2031 s'b.
327 1991 358 2031 v.
371 1975 425 2037 22.
468 1970 508 2033 de
524 1974 637 2033 Basilio
655 1973 876 2052 Bulgsroctono
897 1983 1015 2053 praeter
1030 1980 1166 2029 nocuum
1184 1972 1281 2029 Acro-

185 2057 313 2137 politnm
325 2059 388 2136 egit
402 2058 550 2137 Gregores
563 2059 640 2117 libro
654 2056 805 2135 secundo,
826 2062 975 2132 Zonaras,
997 2055 1165 2130 cedrenus,
1188 2058 1280 2114 losn-

185 2161 241 2201 nes
252 2144 380 2202 Tzetzes
395 2144 429 2202 in
445 2141 574 2219 Chilisd.
596 2143 705 2224 reliqui
723 2144 788 2203 lere
807 2162 912 2202 omnes
933 2140 1068 2200 historici
1082 2141 1198 2199 Graeci.
1240 2138 1281 2197 da

186 2229 251 2287 eius
270 2226 414 2287 cadavere
439 2239 470 2287 et
493 2212 646 2308 sepulture
666 2228 813 2306 Georgius
831 2225 1032 2305 Pschymeres
1054 2226 1108 2284 lib.
1131 2227 1149 2287 1
1171 2246 1203 2305 p.
1219 2222 1280 2287 124

187 2316 239 2379 13.
280 2332 368 2393 porro
383 2314 529 2373 Besilium
544 2316 577 2371 in
590 2312 696 2373 ecdem
709 2314 822 2393 templo
836 2314 989 2391 sepultum
1004 2309 1096 2369 cadit
1109 2307 1279 2368 cedrenus:

184 2401 319 2479 ταφῆναι
347 2395 381 2463 ri
406 2392 589 2481 suspenditur
613 2394 668 2463 cdv
690 2397 803 2463 ἑαυτοῦ
825 2391 977 2478 ddelpo'v,
1009 2392 1044 2462 ὃν
1063 2393 1115 2459 eal
1138 2390 1281 2475 διάδοχον

184 2483 321 2548 κατέλιπε
333 2487 388 2566 τῆς
404 2475 516 2568 ἆοχῆς,
542 2484 575 2548 lv
590 2488 632 2570 epi
647 2481 722 2548 κατὰ
741 2481 778 2548 eo*
791 2478 947 2566 Ἕβδομον
967 2487 1032 2569 ναῷ
1052 2485 1108 2546 τοῦ
1128 2474 1281 2563 rricyyell-

184 2585 257 2632 οεοο
272 2569 325 2632 ssi
337 2565 492 2654 θεολόγον.
536 2565 608 2652 diri
619 2569 749 2652 γέγονεν.
791 2572 870 2629 Ans.
1154 2611 1160 2622 .

237 2723 246 2732 ,
269 2673 301 2734 p·
316 2657 353 2720 21
370 2675 400 2713 v·
415 2659 446 2720 8.
489 2649 592 2738 Ἀοᾶν]
614 2654 814 2715 deiectionem
823 2657 1032 2734 Buigerorum
1054 2648 1279 2730 expeditionem

184 2737 217 2794 in
242 2757 293 2796 eos
307 2741 413 2796 Issscii
429 2743 618 2819 imperatoris
639 2739 803 2800 admodum
824 2740 994 2814 infelicem,
1024 2746 1055 2796 et
1071 2735 1279 2794 demusiilsta

184 2823 328 2880 Romanis
342 2825 409 2880 fuse
422 2829 611 2906 prosequitur
623 2823 781 2884 Ghoniata.
821 2826 900 2882 Asu.

271 2925 301 2984 p-
313 2911 355 2969 22
372 2925 402 2963 v·
417 2915 447 2970 3.
489 2908 624 2988 πυραμὶς
638 2919 700 2966 erat
711 2911 810 2986 pileus
823 2909 1008 2965 acuminatus
1028 2903 1123 2959 instar
1141 2900 1278 2979 pyrami-

185 2989 243 3064 dis,
259 2991 455 3050 Orientalium
467 2995 637 3072 principum
653 3003 824 3071 gestamen3
846 2993 930 3048 cuius
940 2997 1045 3066 postes
1058 2988 1169 3045 iterum
1181 2987 1279 3044 Geor-

185 3077 254 3155 gius
272 3077 425 3133 meminit:
452 3075 504 3137 scl
526 3072 563 3137 sd
583 3073 638 3158 μὶν
659 3072 776 3157 ἕρειθρᾶ
797 3075 904 3138 cidslc
926 3066 1125 3152 ἅπεβᾶλλετο,
1153 3069 1206 3132 sul
1220 3066 1280 3148 τὴν

184 3155 1053 3306 ttztittthttttlitd„itliilltittcdl
1060 3153 1278 3319 ieifflii

185 3331 335 3407 Meursic,
365 3330 458 3390 didici
476 3351 517 3414 ess
536 3329 652 3391 duobus
671 3266 881 3391 illisyauctoria
898 3331 992 3388 nostri
1007 3327 1092 3384 locis.
1132 3323 1280 3404 idemque

185 3413 310 3475 docetur
328 3420 360 3474 in
378 3419 529 3476 Glossario
551 3417 819 3476 Graeco-barbaro
835 3419 960 3473 iteratae
980 3410 1136 3483 editionis,
1167 3407 1278 3468 iisdem

185 3501 336 3559 lirmutum
350 3503 508 3582 exemplis.
540 3503 649 3582 quibus
662 3504 784 3560 tertium
799 3499 877 3559 adde
890 3518 931 3557 ex
941 3499 1045 3556 Niceta
1058 3499 1091 3553 in
1103 3493 1276 3552 Andronico

59 3652 63 3662 ,
186 3586 339 3644 0⁰¹1¹1121¹⁰
355 3587 409 3644 lib·
423 3593 461 3650 2:
488 3584 624 3670 epicuros
637 3583 714 3669 πρός
728 3583 849 3668 φυγήν,
869 3583 922 3647 καὶ
935 3581 970 3646 sd
986 3577 1205 3658 φοινικοβοφὲς
1217 3576 1275 3639 πέ-

185 3671 271 3734 διλον
284 3673 339 3732 τοῦ
350 3667 446 3746 ποδὸς
461 3666 694 3751 doctricique-cog,
721 3668 819 3734 καὶτὸ
832 3666 958 3751 ἆρχοῑον
972 3661 1054 3751 αὐτῷ
1065 3660 1276 3746 πεοιφῦλᾱγμῠ

184 3754 240 3818 τόν
256 3751 385 3833 cronois·
397 3753 415 3818 d
425 3753 597 3837 θεοβλαβής
611 3750 923 3836 οἷοοιροχηιιοᾶμενος
943 3753 1005 3816 ἐκεῖ
1017 3773 1092 3824 που,
1119 3747 1170 3810 acl
1184 3751 1276 3809 πῖλον

185 3835 369 3921 βαρβαρικὸν
386 3843 426 3924 τῇ
443 3845 562 3924 κεφαλῇ
583 3841 795 3922 περιθέμενος,
826 3837 862 3914 ὃς
883 3839 915 3910 ἐς
938 3830 993 3912 did
1014 3830 1115 3915 ὶήγων
1128 3831 1275 3930 Μξμωῑ

185 3925 328 4002 elecctos,
343 3920 400 4005 τὴν
412 3927 570 4006 βασιλικήν
584 3927 706 3990 εἴσεισιν
721 3918 816 3998 αὖθις
828 3919 946 4004 τριήρη.
986 3929 1074 3978 wiltt
1087 3917 1274 3975 bllbffl'lfflm

185 4011 302 4090 pileum
319 4014 521 4070 acuminatum
547 4022 576 4070 et
595 4013 780 4090 fastigiatum
804 4013 837 4067 in
856 4019 970 4068 metum
986 4006 1081 4063 instsr
1097 3999 1274 4080 pyramidis.

185 4113 246 4153 non
267 4095 403 4154 absimile
423 4115 518 4176 genus
540 4097 629 4175 pilei,
652 4107 703 4155 aut
718 4095 905 4166 idemlorte,
925 4088 1148 4149 rideturfuisse
1162 4087 1274 4161 εοῦφιι,

185 4181 270 4238 cuius
286 4181 422 4239 meminit
439 4183 472 4238 in
489 4183 601 4240 Basilio
621 4180 876 4260 Porphyrogenito
889 4179 1021 4236 Zoneres
1035 4171 1146 4232 Annal.
1160 4179 1235 4230 tom.
1253 4171 1274 4232 8

184 4282 278 4348 quesn
285 4262 520 4346 triumphantem
531 4267 687 4326 incessisse
700 4267 765 4326 vult
777 4272 917 4323 ornatum
927 4269 1008 4320 recta
1018 4261 1094 4318 tiara
1107 4265 1160 4318 sut
1169 4252 1275 4336 tupho,
