3100 4850
295 328 367 397 112
589 326 770 395 GEORGII
787 326 1077 395 acnoromatt

294 503 401 579 ζεσθοι
425 498 644 582 δεδυνημένους
666 496 828 587 οἰκήτορας
853 498 983 582 ἐχοτσσ,
1034 502 1084 566 καὶ
1108 496 1241 583 μάλιστα
1267 502 1383 577 τοξείιιν
1517 487 1518 559 i

294 604 479 678 ἀσκοῦντας·
508 602 766 689 άγχιτερμονοῦσιι
791 604 824 668 δέ
845 615 909 681 τοῖς
921 608 1084 692 Περσικοῖς
1097 600 1192 691 ὁρίοις
1208 604 1254 669 ciri
1270 602 1382 684 διαμά-
1517 616 1518 631 ³

287 711 402 790 χεσθαι
424 716 487 781 τοῖς
506 702 695 783 δπεναντίοις
708 705 835 783 τοάτους
850 720 932 773 ποιεῖ
942 714 992 773 καί
1007 707 1125 785 ἐθάδας
1140 710 1278 789 πολέμων
1293 703 1382 791 ἐργά-

292 814 382 891 ζεται.
433 809 525 875 ἐκεῖσε
538 802 593 875 adr
608 809 849 897 διακαρτερήσας
861 812 970 897 μικρὸν
983 816 1032 876 καὶ
1047 810 1118 877 ὅσοι
1131 812 1291 899 πρεσβείαν
1304 820 1382 875 στεῖ-

251 921 275 975 B
292 919 343 977 λοι
367 911 444 997 πρὸς
465 912 519 976 τδν
539 911 690 992 σουλτάν,
725 917 772 977 ἐπὶ
793 912 832 977 τὰ
848 917 993 979 Βιθυνῶν
1007 913 1155 1001 κεχάρηκε
1169 914 1245 1000 μέρη
1262 916 1312 978 καὶ
1329 914 1409 995 τῆνό

292 1024 348 1099 τῆς
367 1014 474 1101 χώρας
494 1014 608 1099 ταάτης
628 1018 865 1103 προκαθημίνην
888 1016 975 1081 πόλιν
1001 1018 1057 1101 τὴν
1081 1020 1222 1082 Νίκαιαν.
1272 1018 1332 1081 ἐπεὶ
1353 1017 1385 1080 δέ

292 1118 414 1204 ἐχήρευε
429 1127 486 1183 τοῦ
502 1116 795 1208 πατριαρχοῦντοςὴ
813 1121 954 1202 ἐκκλησία
963 1122 1118 1207 (πέφθακε
1133 1120 1192 1206 γδρ
1206 1116 1223 1185 ὅ
1236 1116 1386 1205 πατριάρ-

289 1248 350 1309 χης
372 1222 528 1305 Μανουὴλ
549 1222 660 1309 μικράν
681 1248 711 1286 τι
732 1228 787 1289 τοῦ
811 1226 961 1307 βασιλέως
973 1222 1113 1291 Ἰωάννου
1129 1222 1385 1311 προτελευτῆσαι),

294 1326 354 1391 ἴδει
372 1328 406 1390 δέ
419 1332 540 1411 πρῶτον
551 1324 741 1411 πατριάρχην
754 1330 969 1411 προβληθῆναι
977 1376 986 1405 ,
1010 1328 1056 1391 ’ἶν’
1081 1329 1128 1393 ἐπὶ
1146 1334 1189 1412 τῷ
1202 1325 1388 1409 βασιλεῖτδμ

297 1430 507 1515 στεφηφορίαι
529 1430 626 1515 ἐντῷ
648 1428 720 1515 ἱερῷ
741 1428 972 1516 τελεσιουργηση
993 1431 1122 1512 τεμένει,
1157 1432 1284 1512 ἐζητεῖτο
1299 1430 1354 1508 μέν
1370 1424 1427 1489 διο

298 1532 383 1617 ἄξιος
396 1537 450 1595 τοῦ
464 1529 602 1595 τοιοάτου
620 1528 746 1616 θρόνου,
771 1528 792 1613 η
808 1530 883 1609 δόξα
901 1535 935 1597 δέ
949 1543 1013 1610 τοῖς
1027 1538 1149 1609 πολλοῖς
1163 1534 1209 1596 ἐπὶ
1227 1538 1270 1618 τῷ
1288 1534 1389 1612 Βλεμ-

298 1637 373 1720 μίδη
386 1631 526 1718 ἐτάγχανε
536 1632 716 1721 Νικηφδρηι,
732 1641 778 1721 τῷ
792 1636 856 1723 ἐμῷ
873 1635 1046 1723 διδασκάλῳ
1063 1642 1123 1701 τῶν
1139 1642 1193 1718 τῆς
1208 1636 1392 1721 φιλοσοφίας

300 1735 398 1821 λόγων
413 1762 444 1801 τε
460 1740 511 1801 καί
528 1736 705 1821 δογμάτων,
740 1737 829 1823 άνδρλ
851 1740 884 1803 ἐκ
905 1738 1042 1821 νεότητος
1061 1739 1115 1804 τὸν
1139 1738 1225 1821 ζυγὸν
1250 1736 1351 1823 άραμί
1372 1802 1381 1822 ,

263 1847 358 1906 crati
377 1837 529 1925 μονήρους
545 1844 616 1923 βίου
635 1844 686 1907 καὶ
701 1840 873 1929 περιβοήτῳ
894 1840 1069 1927 τυγχάνοντι
1084 1845 1135 1905 καὶ
1152 1842 1218 1925 περί
1235 1837 1393 1925 λόγονκαὶ

300 1941 428 2031 άρετήν,
457 1943 514 2008 κᾶν
529 1945 614 2008 ἐνίων
629 1941 646 2009 δ
660 1942 796 2031 φθόνος,
831 1948 881 2009 καὶ
897 1943 1031 2027 μάλιστα
1047 1950 1108 2009 τῶν
1121 1941 1329 2029 προυχάντων,
1355 1940 1390 2006 οδ
1400 1954 1429 2009 tt

298 2046 393 2131 μόνον
406 2046 462 2111 ania
476 2048 593 2134 ἐκφανῆ
607 2045 706 2135 τοάτῳ
721 2046 762 2113 τὰ
776 2054 832 2131 τῆς
846 2048 954 2135 ἀρετῆς
970 2049 1078 2125 ἐποίει,
1114 2046 1193 2111 ἀλλὰ
1217 2046 1266 2109 καὶ
1286 2048 1392 2121 κακίας

299 2151 384 2226 τινάς
399 2151 484 2236 αὐτῷ
498 2147 697 2237 προσεκάλλα.
748 2142 839 2228 οδτος
859 2144 914 2215 οὖν
929 2150 1007 2237 πρὸς
1020 2150 1214 2232 τὸνβασιλέα
1234 2146 1392 2235 Θεόδωρον

300 2256 410 2340 φιλίως
428 2255 552 2319 ‹tetram›
567 2258 618 2319 xci
634 2254 711 2339 παρ’
729 2254 825 2319 uirtuti
840 2256 985 2341 ἐφιλεῖτο·
1012 2254 1144 2338 τῶνγὰρ
1161 2249 1257 2336 λόγων
1265 2299 1274 2328 ,
1301 2252 1333 2315 ἐν
1349 2246 1393 2325 οἷς

298 2356 338 2420 τά
352 2357 452 2419 πολλὰ
466 2355 644 2441 ἐπεγάννυτο
651 2405 661 2435 ,
698 2356 883 2423 διδάσκαλον
897 2362 948 2424 καλ
965 2356 1057 2421 αὐτὸν
1071 2353 1274 2442 ἐπεγράφετο·
1300 2352 1394 2442 σοφὸς

298 2459 359 2543 γάρ
382 2451 422 2540 ἦν
439 2462 482 2534 είς
498 2459 593 2544 ἄκρον
609 2471 677 2536 ταῖς
697 2461 857 2541 ἀληθείαις
879 2460 895 2526 δ
915 2458 1067 2544 βασιλεύς.
1120 2457 1137 2523 ὁ
1154 2461 1187 2523 δέ
1202 2455 1433 2543 drappdrapncffl

263 2576 290 2630 1)
306 2564 373 2647 περὶ
388 2560 423 2623 td
438 2567 564 2645 πρᾶγμα
579 2560 747 2645 ἐτάγχανεν.
799 2565 835 2627 οδ
856 2564 918 2648 μὴν
941 2564 1019 2628 ἀλλὰ
1044 2565 1094 2628 καὶ
1111 2559 1127 2626 ὁ
1145 2561 1289 2644 βασιλεὺς
1305 2561 1397 2635 αιἰτδς

301 2658 518 2749 μαλακώτερον
541 2663 637 2727 αὐτοῦ
659 2665 816 2749 ἐπειρᾶτο·
851 2673 969 2748 μᾶλλον
991 2665 1048 2751 γάρ
1072 2665 1148 2751 πρὸς
1165 2662 1341 2746 βουλήσεως
1360 2655 1396 2745 ἦν

302 2766 387 2854 αὐτῷ
402 2766 457 2848 τὴν
472 2754 660 2852 προστασίαν
675 2767 721 2850 μὴ
736 2771 968 2846 καταδέξεσθαι.
1018 2769 1244 2855 ταπεινοτέρους
1267 2766 1326 2853 γάρ
1347 2767 1396 2828 καὶ

302 2871 444 2958 μετρίους
470 2867 545 2935 είναι
565 2868 600 2934 τδ
625 2869 769 2958 φρόνημα
792 2871 864 2950 τοδς
886 2868 1161 2958 πατριαρχεάοντας
1178 2870 1207 2934 ui
1221 2875 1398 2958 κρατοῦντες

374 3031 392 3084 5
408 3027 472 3098 περὶ
488 3029 577 3102 vulga.

306 3185 406 3224 tumere
417 3173 445 3221 ct
455 3169 562 3222 maxime
572 3169 673 3238 sagittia
683 3168 858 3222 adversarium
871 3167 999 3236 configere
1007 3167 1142 3252 prut'eaaia.
1176 3183 1208 3220 aa
1218 3183 1275 3221 cuna
1285 3167 1311 3220 in
1322 3165 1398 3220 finiti-

306 3256 372 3292 anurn
384 3255 471 3306 agrum
485 3239 612 3292 Persicum
623 3239 784 3304 extendatur,
802 3238 870 3291 belia
882 3253 938 3290 cum
950 3241 1063 3290 nostibus
1073 3237 1189 3290 continua
1203 3253 1326 3290 exarcena
1337 3253 1400 3304 gen·

306 3314 359 3360 tent
369 3308 429 3360 beiti
441 3307 530 3360 atadiia
544 3308 706 3376 arperrimaan
718 3309 770 3359 alit
804 3307 839 3358 ibi
858 3306 946 3376 paucis
964 3307 1070 3370 diebus,
1113 3305 1187 3358 uibna
1203 3305 1356 3374 legationem
1368 3301 1398 3356 ad

305 3377 433 3429 naitanum
446 3378 557 3441 minerat,
575 3384 742 3429 commoratae
754 3375 786 3427 ad
799 3376 963 3441 Bithynorum
975 3393 1034 3427 crae
1046 3383 1072 3427 et
1082 3323 1114 3427 εδ
1127 3375 1231 3444 primaru
1240 3375 1306 3426 iilius
1318 3375 1400 3441 ragiu-

306 3445 345 3496 nia
363 3447 452 3496 urbem
465 3446 585 3498 Nicaeam
601 3445 715 3498 aeceaait.
750 3443 795 3496 aed
809 3461 864 3495 cunt
877 3445 1034 3513 patriarchae
1048 3444 1112 3496 orba
1125 3445 1233 3496 eccieaia
1245 3444 1313 3494 iarct
1329 3445 1399 3508 (naut

305 3513 383 3582 paulu
393 3524 528 3583 antequam
537 3516 646 3568 lnannca
658 3514 797 3582 imperatur
808 3523 958 3578 moreretur,
971 3513 1114 3582 patriarcba
1125 3512 1226 3564 Manuei
1238 3511 1315 3564 vitam
1327 3511 1399 3562 finie-

305 3583 380 3648 rat),
408 3599 455 3635 nec
472 3586 571 3654 ubsque
588 3584 734 3652 patriarcha
751 3582 912 3651 imperatoria
929 3582 1060 3634 coronatio
1077 3583 1103 3634 in
1116 3597 1189 3634 aucto
1201 3581 1295 3650 templo
1309 3577 1401 3631 cantici

304 3658 404 3771 postet,
421 3651 513 3719 dignun
525 3668 555 3704 ea
567 3653 698 3721 pruvincia
709 3659 737 3704 et
748 3652 845 3702 honore
857 3651 1060 3719 cunquirebatur.
1100 3651 1262 3718 plurimorum
1276 3645 1400 3715 suffragia

316 3735 333 3771 n
345 3719 516 3790 Nicephorum
529 3721 704 3783 Bicmnaidam‚
731 3729 922 3788 praeceptorem
936 3735 1018 3772 mcum
1029 3723 1056 3772 et
1065 3719 1292 3789 philoanpiaiccruut
1305 3733 1400 3768 aermn-

306 3805 364 3840 uum
376 3805 408 3840 ac
418 3790 562 3858 dogmatum
573 3789 750 3855 institutorem,
765 3789 848 3840 virum
860 3795 887 3838 et
898 3788 978 3840 literis
988 3795 1015 3840 et
1026 3789 1123 3840 virtute
1133 3803 1254 3857 perquam
1267 3787 1400 3850 celebrem,

307 3864 334 3909 et
344 3858 387 3925 qui
399 3859 499 3911 iuvcnia
510 3861 593 3910 adtauc
602 3866 679 3925 atque
690 3856 785 3908 teneiia
795 3863 880 3909 natata
891 3857 975 3925 ingnm
988 3857 1141 3909 monasticae
1154 3857 1221 3908 ritae
1236 3853 1339 3918 traierat,
1357 3870 1401 3905 re·

306 3926 461 3994 apiciebant‚
485 3926 547 3979 iicet
558 3927 751 3988 nonnullorum,
776 3933 805 3978 et
823 3925 930 3977 maxime
946 3925 1092 4008 primatum,
1117 3923 1256 3976 invidentia
1266 3939 1316 3975 nun
1327 3921 1400 3975 nanda

306 4001 395 4046 taum
406 3996 508 4048 virtutia
519 3996 602 4047 iumen
614 3994 774 4059 occuiuerat,
800 3994 846 4046 aed
865 4003 892 4045 et
908 3994 972 4045 vitta
988 3993 1113 4062 quaedam
1131 3992 1223 4045 homini
1240 3991 1399 4062 appinrerat.

306 4063 373 4114 hunc
383 4063 521 4134 imperatur
531 4063 686 4116 Theodora·
696 4063 831 4126 diligebat,
849 4063 890 4113 cui
902 4063 1092 4114 iucundissimus
1106 4073 1172 4126 erat,
1184 4061 1277 4142 qnippe
1288 4061 1331 4128 qui
1344 4075 1402 4112 ucr-

306 4146 424 4195 auuunm,
448 4132 541 4202 quibua
552 4147 710 4201 cummopere
727 4130 915 4193 delectabatur,
941 4133 1087 4199 magistrum
1105 4145 1162 4182 aum
1179 4129 1228 4182 arbi
1243 4127 1400 4180 adsciverata

307 4199 451 4268 “pientiae
467 4201 533 4253 enim
550 4200 647 4254 calanen
667 4207 694 4252 et
710 4217 739 4252 re
754 4217 818 4252 vera
828 4202 950 4268 attigerat
960 4203 1105 4270 imperator.
1139 4199 1182 4250 iile
1193 4199 1227 4250 ad
1237 4205 1334 4251 tantam
1348 4211 1401 4250 actu

308 4268 411 4332 aegnior
425 4285 499 4332 aare,
523 4274 551 4319 et
568 4269 708 4336 imperator
717 4269 795 4320 etiam
806 4269 861 4338 ipae
872 4286 923 4321 non
934 4270 1047 4337 impenaa
1056 4267 1129 4320 nimia
1141 4283 1246 4334 urgere,
1271 4267 1311 4319 cui
1322 4263 1402 4332 magia

308 4335 404 4404 rcinpa
414 4343 472 4390 arat
484 4337 518 4390 ab
531 4353 563 4389 au
574 4337 678 4391 ciuilem
689 4336 840 4406 dignitatem
850 4353 902 4390 nun
913 4338 1002 4409 recipi.
1036 4353 1112 4407 rugen
1127 4337 1226 4390 acilicet
1242 4351 1286 4388 aar
1299 4333 1341 4403 qui
1354 4347 1402 4403 pa-
