3100 4850
484 366 785 473 AQROPOLthI
808 366 963 440 NOTAE.
1191 370 1266 442 227

172 552 263 615 gnare
277 552 338 593 non
350 532 462 613 potuit,
484 550 576 613 qnare
589 532 676 591 villas
689 530 832 605 incendit,
848 553 954 613 greges
968 544 1161 617 armentaque
1176 539 1263 617 rapit.

172 628 284 699 etpost
307 617 371 677 dies
394 619 509 699 aliquot
528 617 625 676 soluta
646 615 802 676 obsidione
818 618 941 679 Thebas
956 632 1111 700 oppugnat
1126 632 1156 680 et
1169 625 1264 703 capi13

174 716 205 763 et
219 702 431 783 Thermopylis
444 705 599 783 superatis,
620 721 676 782 per
689 704 795 762 Oetam
806 714 941 762 montem
954 704 1147 780 descendens,
1162 709 1266 767 Laris·

173 810 223 850 sae
239 810 307 849 cum
321 790 430 847 Alexio
443 790 620 867 imperatore
641 790 840 866 coniungitur.
884 808 952 847 cum
967 802 1071 869 postes
1084 790 1217 853 marchio
1232 795 1267 852 in

173 878 330 935 Graeciam
347 874 505 932 transitum
517 882 660 947 tentaret,
689 875 754 952 ipse
768 871 1043 954 Thermopylarum
1060 882 1213 955 angustias
1236 891 1266 939 et

173 962 382 1019 imminentem
396 958 438 1017 eis
450 966 602 1034 montem,
630 959 747 1038 aliaque
759 958 825 1016 loca
839 978 916 1039 qnae
930 962 1072 1019 Graeciae
1087 960 1204 1021 aditum
1215 966 1267 1021 in·

172 1042 357 1118 tercludunt,
385 1042 580 1103 custodiebat.
622 1043 678 1102 sed
690 1045 871 1103 Graecorum
891 1046 1012 1123 ignavia
1029 1048 1062 1105 in
1075 1046 1136 1105 illis
1151 1066 1265 1106 amar·
1289 1068 1292 1075 ·

174 1130 281 1190 chione
302 1140 457 1208 superatus
479 1129 580 1189 locum
603 1126 707 1188 cedere
730 1130 863 1207 cogitur3
892 1140 923 1189 et
941 1130 1009 1189 aliis
1022 1132 1114 1189 etiam
1129 1130 1266 1193 cladibus

172 1218 284 1275 fractus
308 1234 377 1273 cum
393 1215 491 1293 Argos
514 1224 544 1273 et
565 1214 691 1273 finitima
709 1213 820 1294 oppida
837 1228 980 1296 occupata
1002 1235 1068 1276 esse
1090 1228 1223 1276 cerneret
1245 1237 1265 1277 a

172 1297 362 1375 marchione,
384 1301 417 1357 in
428 1297 640 1359 Acrocorintho
653 1300 748 1359 veluti
759 1300 792 1358 in
811 1310 895 1360 antro
909 1308 940 1360 et
956 1302 989 1359 in
1002 1302 1145 1381 spelunca
1162 1322 1195 1361 se
1211 1303 1267 1362 ab⁴

174 1385 228 1460 dit,
251 1386 284 1443 in
297 1382 389 1443 arduo
402 1396 504 1444 monta
518 1387 574 1444 aito
588 1404 622 1444 ac
635 1385 698 1443 lere
710 1386 955 1465 inexpugnabili,
977 1387 1025 1446 vir
1036 1382 1218 1446 inhumanus
1230 1406 1266 1447 ac

174 1470 298 1545 efferus,
320 1468 455 1529 cladibus
467 1471 603 1546 urbium,
625 1467 784 1529 hominum
795 1470 936 1532 caedibus
949 1483 979 1531 et
989 1473 1169 1553 populorum
1183 1470 1267 1532 dire·

173 1556 325 1637 ptionibus
340 1574 528 1636 cummopere
541 1554 691 1635 gaudeus,
721 1558 774 1638 qni
786 1576 844 1616 nec
855 1558 970 1637 patriae
984 1578 1056 1617 suae
1069 1560 1196 1638 Nauplio
1210 1578 1268 1639 pe-

172 1644 282 1722 percit,
311 1650 341 1699 et
353 1642 508 1700 Nicolaum
526 1639 747 1700 Corinthiormn
759 1639 1029 1722 archiepiscopum,
1061 1662 1201 1724 cnmqno
1217 1666 1269 1703 re-

173 1726 348 1785 conciliatus
363 1726 478 1802 fuerat,
498 1725 577 1785 inter
589 1726 693 1806 epulas
707 1726 824 1787 effossis
838 1728 933 1787 oculis
943 1730 1086 1807 primum,
1108 1740 1213 1807 postea
1229 1727 1268 1789 de
1288 1788 1293 1797 ,

173 1811 247 1892 rupe
261 1812 478 1891 praecipitarit.

259 1916 290 1976 p·
304 1896 342 1959 15
356 1912 386 1954 r.
398 1900 450 1959 to.
492 1885 534 1972 ἦν
551 1887 609 1976 ydp
630 1884 720 1967 οὗτος
738 1888 805 1958 τότε
826 1890 938 1975 placor
952 1890 1036 1970 τινὸς
1047 1898 1103 1976 τῆς
1115 1894 1266 1977 παλαιᾶς]

173 1978 309 2040 Blcndns
330 1977 368 2037 de
388 1979 478 2059 gestis
488 1980 670 2038 Venetorum
687 1977 812 2038 ridicule
828 1983 899 2039 satis
916 1983 1036 2058 puriter
1053 1980 1214 2061 Goffreduc
1230 1982 1267 2041 de

180 2066 264 2127 Villo
281 2063 434 2138 Gallione,
460 2066 515 2145 qni
526 2066 559 2122 in
572 2063 713 2135 Achaiae
719 2065 899 2143 prt'rscipctu
910 2066 1070 2124 Dcmmico
1085 2066 1122 2123 de
1134 2066 1168 2123 la
1181 2068 1270 2125 Doro

174 2160 363 2211 accresceret.
409 2160 440 2209 et
454 2147 592 2208 Miohuel
612 2150 752 2209 Οοπκηοε
771 2150 906 2209 Graecae
922 2148 1034 2226 nodr'lie
1051 2170 1121 2208 cnm
1138 2151 1269 2230 Pelopo-

175 2256 257 2308 neco,
283 2255 365 2294 nunc
378 2237 488 2295 Mareu
503 2234 598 2304 diota,
620 2255 679 2314 per
689 2234 840 2313 fraudere
857 2235 986 2295 Venetae
1003 2234 1186 2315 respublicae
1199 2234 1270 2295 obe·

175 2322 376 2399 tumbamque
385 2319 615 2401 spoponderunt.
656 2322 734 2378 Aac.

259 2427 290 2488 Ρ.
305 2406 345 2471 16
358 2427 388 2467 r.
404 2409 434 2470 6.
456 2397 634 2486 ccvlrdscv]
656 2403 732 2488 quid
746 2402 780 2464 id
790 2424 902 2466 nomen
915 2402 987 2467 esti
1007 2404 1172 2467 Cinnamus
1185 2426 1218 2488 Ρ.
1228 2404 1269 2470 14

176 2497 228 2559 10.
269 2495 347 2552 Asa.

259 2575 301 2636 ib.
345 2569 534 2656 ΊαθαὲΙνην]
556 2575 703 2656 Gregoras
718 2570 773 2634 lib.
793 2577 809 2638 1
830 2594 864 2655 Ρ.
881 2577 920 2640 17
933 2577 965 2640 8.
1006 2577 1087 2639 Aac.

259 2683 292 2744 p·
307 2665 347 2728 17
365 2683 394 2724 r.
410 2667 442 2728 8.
483 2661 625 2742 crespeio
638 2655 716 2740 srpdc
728 2663 786 2726 rori
800 2654 942 2741 ccatrdo]
958 2663 1105 2742 Gregorio
1121 2677 1162 2721 ex
1173 2664 1268 2721 Acro-

175 2748 270 2831 polita
284 2767 338 2807 sua
350 2747 456 2807 habuit
468 2767 500 2826 p.
517 2749 556 2811 17
575 2746 624 2811 16.
666 2749 745 2805 Aac.

217 2903 222 2912 ι
261 2830 303 2890 ib.
318 2852 349 2890 v.
363 2835 393 2896 6.
436 2823 606 2913 Ιταράχθη]
627 2832 775 2910 Gregcras
786 2846 818 2907 Ρ.
834 2830 874 2895 17
889 2832 942 2892 tt.
983 2833 1062 2889 aer.

260 2913 302 2974 ib.
318 2935 349 2974 v.
364 2915 414 2982 14.
456 2915 631 2995 θαρσαλέως
644 2913 738 2995 γοῦν]
761 2915 907 2990 Gregoras
919 2928 950 2991 Ρ.
971 2915 1010 2976 18
1029 2915 1080 2975 10.
1121 2907 1201 2970 Aac.

259 2997 302 3058 id.
319 3020 349 3060 v.
363 3004 414 3064 19.
458 2994 662 3084 Μαιάνδρου]
684 3001 772 3060 Anna
789 2998 940 3055 Comuens
956 2994 1122 3055 Alexiados
1140 2996 1194 3054 lib.
1209 2993 1269 3061 111

175 3080 310 3167 ποταμός
336 3082 369 3149 dd
395 3083 612 3164 ndlovdpor
631 3077 701 3163 saepi
722 3080 873 3162 opertae,
907 3075 1105 3156 osolsdccrcr
1124 3085 1269 3164 ποταμῶν

177 3169 336 3247 cludetur,
357 3168 408 3233 stul
419 3165 541 3270 ucpndc
553 3174 685 3248 συνεχεῖς
698 3159 890 3245 ποιούμενος.

261 3277 293 3338 p-
312 3259 349 3320 18
363 3273 392 3316 v.
408 3257 438 3318 9.
480 3245 568 3334 dudd
581 3247 679 3332 dcccv]
702 3253 848 3331 Gregoras
860 3271 891 3330 p·
910 3253 949 3316 18
972 3250 1021 3317 15.
1062 3252 1142 3310 Aac.

260 3343 302 3402 tt.
327 3361 357 3402 v.
380 3347 429 3405 12-
478 3332 566 3421 ἐγγύς
582 3361 643 3401 που
660 3341 737 3423 γοῦν
755 3332 936 3420 γενόμενος]
962 3354 1093 3416 namque
1113 3334 1163 3393 die
1181 3336 1270 3395 tertio

178 3438 298 3507 superat
319 3429 430 3486 montis
445 3425 567 3505 Olympi
586 3421 753 3502 angarstias,
783 3439 860 3503 quae
878 3423 911 3478 in
928 3424 1096 3480 maximam
1116 3432 1271 3500 porrectae

177 3509 397 3592 longitudinem
410 3509 585 3591 Bithyniam
600 3521 629 3570 et
640 3508 805 3588 Phrygiam
817 3517 973 3586 utramque
989 3503 1206 3580 dictaminum,
1218 3507 1275 3565 illa

177 3617 281 3658 versus
295 3599 527 3676 septentrionem
542 3594 719 3668 declinante,
740 3590 790 3651 his
802 3608 906 3651 versus
920 3589 1078 3650 Meridiem
1091 3601 1121 3649 et
1137 3602 1271 3650 anstrum

178 3685 262 3755 sitis,
285 3700 345 3762 quo
360 3679 408 3738 dle
421 3681 580 3740 undecimo
594 3699 662 3738 cnm
676 3680 870 3758 pervenisset,
895 3677 1053 3755 Caystrum
1067 3679 1185 3751 traiiclt,
1206 3686 1270 3734 tam

178 3769 304 3848 longum
318 3767 376 3826 iter
387 3777 450 3824 tam
461 3767 545 3825 brevi
558 3764 674 3824 dierum
690 3763 848 3823 intervallo
861 3781 1010 3821 emensus.
1051 3763 1130 3820 Ana.

264 3851 307 3910 ib.
323 3871 353 3912 v.
371 3849 422 3916 15.
463 3841 637 3915 Adcaccrou
653 3847 770 3934 ἐκείνῳ]
792 3850 937 3927 Gregoras
950 3868 982 3926 Ρ.
996 3850 1034 3912 18
1055 3845 1108 3909 ut.
1148 3845 1227 3904 aar.

263 3937 305 3996 ib·
321 3957 352 3996 v·
369 3940 419 4003 16·
462 3933 631 4016 docuistis]
655 3937 802 4014 Gregoras
813 3954 844 4012 Ρ.
860 3936 899 3996 19
922 3933 973 3994 12.
1011 3934 1090 3988 Aah·

263 4021 304 4080 s'b.
322 4042 352 4080 v.
370 4025 420 4086 18.
464 4020 642 4102 ἐμπίπτουσι
652 4021 738 4105 γοῦν]
761 4021 906 4098 Gregoras
920 4037 951 4095 p·
967 4017 1007 4078 19
1022 4013 1073 4078 24.
1096 4031 1197 4072 rsrtnn
1208 4012 1273 4071 for·

180 4105 326 4182 titudinis,
344 4124 445 4166 rarum
456 4107 573 4165 virtutis
586 4107 711 4165 bellicae
725 4098 917 4183 exemplum!
939 4119 958 4158 o
970 4101 1086 4157 animos
1098 4099 1272 4156 aeternitate

181 4191 299 4272 dignos,
312 4211 404 4273 quarn
414 4193 473 4250 sibi
484 4193 543 4270 ipsi
556 4211 609 4250 saa
621 4201 717 4250 morte
729 4183 886 4270 peperere!
902 4205 920 4243 o
932 4201 1054 4263 corpora
1063 4181 1152 4241 cedro
1165 4179 1273 4284 digna!

65 4353 67 4358 ,
181 4296 200 4334 o
213 4277 318 4356 plagas
330 4277 398 4334 illes
411 4276 507 4335 stellis
520 4278 593 4355 ipsis
607 4269 799 4334 illustriores!
817 4263 843 4334 d
855 4273 908 4349 τῆς
919 4263 1041 4348 φύσεως
1055 4269 1275 4351 uepsocorepoc!

181 4365 258 4422 mori
270 4370 439 4443 potnerunt,
461 4363 541 4420 vitici
556 4369 608 4420 aut
621 4358 731 4440 pedem
747 4357 857 4416 referre
869 4373 930 4415 non
943 4363 1114 4436 potnerunt.
1144 4355 1223 4412 Aac.
