3100 4850
263 298 317 375 46
555 301 843 374 consumti
873 302 1075 376 misso

367 471 556 557 ίπλίνθευον,
582 471 764 564 ελργάζοντο,
786 473 844 555 τιλς
857 472 960 555 πύλεις
974 473 1164 568 ᾠκοδόμουν.

222 595 248 648 0
264 583 348 646 1010
363 571 444 668 ἦσαν
459 580 565 658 αύτοῖς
576 583 627 646 καὶ
637 581 766 664 χαλεποί
781 585 843 647 τῶν
855 579 952 669 δ’ργων
963 580 1139 648 ίπιστάται·

365 680 533 769 λβάρυνον,
558 683 722 764 ίπίτεινον,
744 681 877 769 ηῦξανον
890 684 948 762 τὰς
961 683 1121 772 κακώσεις,

366 783 470 865 ἅπλῶς
484 789 576 854 εἰπεῖν
581 835 592 866 ,
614 784 716 874 ῶσπερ
730 786 856 874 ίχθροῖς
869 787 1002 876 ἐχρῶντο
1016 799 1082 868 τοῖς
1097 789 1253 868 δειλαίας.

311 901 313 904 ’
367 890 397 955 σί
416 893 517 956 τοίνυν
531 891 776 974 τληπαθίστατοι
790 892 843 956 καὶ
857 890 985 969 τάλανες
993 889 1140 982 Ἕβραῖοι

307 1001 309 1012 “
367 997 503 1081 οἰκτραῖς
518 991 651 1078 ῖβύησαν
665 1002 784 1084 φωναῖς
794 993 871 1079 πρὸς
884 992 938 1060 τὸν
949 994 1025 1061 θεὸν
1038 996 1091 1062 τδν
1103 1000 1211 1078 ζῶντα,

264 1094 347 1164 1015
368 1100 419 1163 καί
432 1096 588 1186 λυτρωτὴν
601 1085 661 1164 τῶν
675 1097 814 1183 ἀναγκῶν
826 1095 920 1183 ᾔτουν
935 1097 1030 1165 attio
1041 1098 1196 1186 γενέσθαι.

367 1198 535 1284 κάμπτεται
551 1201 652 1266 τοίνυν
668 1196 684 1264 ὃ
698 1199 773 1276 θεὸς
787 1211 852 1278 τοῖς
866 1213 1044 1287 στεναγμοῖς
1058 1205 1188 1281 ἐκείνων,

366 1305 469 1388 βλέπει
483 1303 537 1370 τὸν
548 1302 671 1387 μόχθον
681 1301 735 1369 τὸν
745 1300 863 1390 βαρύν,
889 1307 1025 1394 οῖκτείρει
1031 1353 1044 1387 ,
1069 1308 1264 1381 δυσωπεῖται,

367 1411 419 1474 καλ
435 1407 543 1491 πίμπει
557 1404 677 1486 τούτοις
691 1410 834 1491 Μωῦσῆν
846 1407 901 1472 τὸν
915 1409 1028 1496 μέγαν,
1051 1409 1105 1476 τὸν
1117 1408 1264 1493 «istium,

282 1528 290 1553 ·
364 1518 427 1578 τῶν
443 1510 582 1597 ἀναγκῶν
596 1507 772 1598 ῥυσάμενον,
793 1513 980 1599 κουφίσοντα
991 1511 1064 1591 τούς
1078 1511 1201 1595 πόνους,

268 1619 351 1682 1020
368 1618 488 1698 καὶτῆς
504 1620 615 1703 πικρῶς
630 1611 774 1692 δ’ξάξοντα
786 1616 837 1679 καί
851 1622 1001 1701 στυγητῆς
1015 1614 1188 1702 Αἰγύπτου.

369 1715 484 1784 κάτεισι
499 1721 601 1784 τοίνυν
615 1721 773 1801 Μωῦσῆς,
799 1723 844 1806 τῷ
858 1719 979 1805 Φαραῶ
993 1717 1101 1804 μηνύει

368 1821 404 1888 τὸ
419 1822 580 1912 κελευσθὲν
596 1817 656 1887 imi
672 1826 766 1901 θεοῦ,
792 1823 845 1887 καί
859 1822 932 1900 τοῦς
944 1823 1135 1910 Ἰσραηλίτας

367 1925 495 2008 πίμπειν
511 1925 626 1992 ίκεῖθεν
640 1916 786 2013 παραινεῖ
796 1927 848 1991 καί
863 1925 908 2010 μὴ
924 1927 1059 2009 κατέχειν
1073 1925 1127 1993 i'u.

225 2026 251 2082 D
367 2029 403 2092 ού
421 2031 604 2097 δυσωπεῖται
622 2026 742 2117 Φαραῶ
756 2038 821 2106 τοῖς
835 2026 936 2114 λύγοις
949 2036 1005 2096 τοῦ
1018 2028 1191 2119 προφήτου,

264 2131 346 2199 1025
365 2131 401 2198 οῦ
418 2135 515 2224 δειλιρῖ
528 2130 585 2208 τὰς
600 2138 655 2198 τοῦ
669 2137 748 2198 θεοῦ
762 2130 1015 2217 παντοδυνάμους
1026 2143 1148 2220 χεῖρας,

365 2233 513 2322 πολλάκις
527 2238 547 2299 δ
550 2235 558 2260 ’
574 2231 783 2318 ὑποσχόμενος
795 2233 944 2319 ψεύδεται
957 2235 1158 2318 τοσαυτάκις,

366 2340 542 2425 καὶγίνεται
558 2333 728 2424 πολύχροος
743 2341 879 2417 ποικίλος
890 2340 1079 2424 χαμαιλέων.

365 2442 506 2507 ἐντεῦθεν
519 2438 687 2523 ἐκβιάζεται
701 2439 863 2531 προφήτης
878 2439 895 2508 ὅ
910 2441 1056 2528 θεάπτης,

367 2543 448 2611 οῦτω
461 2549 538 2609 θεοῦ
552 2541 763 2624 κελεύσαντος,
784 2546 943 2633 ἐπαγαγεῖν
955 2546 1106 2626 κολάσεις.

265 2653 350 2717 1080
368 2646 385 2714 ὃ
399 2648 432 2714 δ’
449 2644 613 2731 ῖχιδνιύδης
629 2644 765 2735 Φαραώ,
790 2648 827 2715 τὸ
842 2656 898 2734 τῆς
910 2653 1019 2730 κακίας
1033 2651 1173 2739 θρίμμα,

366 2758 428 2818 τῶν
444 2752 501 2835 μὲν
513 2752 670 2837 μαστίγων
687 2750 849 2838 αὐστηρῶς
863 2753 948 2843 αδτῶ
964 2756 1201 2842 προσαγομένων

366 2857 555 2921 ίταπεινοῦτο
563 2902 574 2935 ,
600 2856 652 2919 καί
667 2858 792 2941 Μωσῆν
806 2856 933 2923 ίκίτευεν
944 2854 1089 2941 ἐκθύμως

366 2965 470 3025 νεῦσαι
484 2956 562 3046 πρὸς
574 2954 662 3025 λύσιν
675 2965 731 3025 τοῦ
745 2961 846 3026 δεινοῦ
860 2963 910 3025 καὶ
925 2967 983 3026 τοῦ
996 2968 1057 3027 τῶν
1069 2958 1171 3028 πίνων
1183 2954 1313 3048 βάρους,

365 3062 522 3129 ἐποτνιᾶτο
528 3108 539 3143 ,
563 3064 616 3129 καί
631 3060 706 3129 θεὸν
718 3068 893 3148 κλαυθμοῖς
907 3064 1067 3145 λξιλεοῦτο,

262 3310 317 3363 res,
333 3310 397 3365 opos
410 3293 561 3361 iaciebat,
575 3292 657 3349 urbes
672 3297 854 3350 exstmebsnt.
889 3296 1025 3353 bobebsnt
1041 3302 1070 3351 st
1080 3312 1176 3351 sssvos
1192 3309 1302 3365 opernm
1314 3308 1364 3349 sx-

263 3372 382 3431 sotores,
404 3365 450 3434 qui
463 3366 610 3433 gravabant
621 3364 795 3419 intendebant
808 3368 942 3435 sngsbsnt
956 3366 1128 3421 efflictiones.
1162 3372 1193 3418 nt
1208 3364 1365 3433 simpliciter

262 3434 366 3500 dicem,
389 3431 503 3487 bostium
521 3432 579 3486 loco
599 3432 708 3486 miseros
730 3435 874 3490 habebant.
923 3454 976 3505 qus
995 3432 1322 3506 roptersernrnnosissimi
1336 3439 1365 3485 et

261 3502 382 3556 infelices
392 3502 512 3557 Hebraei
525 3500 717 3556 miserabilibus
731 3504 809 3557 (lenm
823 3504 915 3558 vivum
927 3508 1038 3559 vocibus
1051 3504 1236 3575 inplorabant,
1251 3518 1364 3571 eumque

261 3573 393 3642 rogabant
408 3579 438 3623 ut
450 3572 484 3625 sb
498 3570 539 3625 his
556 3572 759 3627 necessitatibus
778 3591 825 3627 eos
838 3572 975 3628 liberaret.
1010 3574 1128 3628 flectitur
1143 3592 1174 3627 er
1192 3592 1208 3625 o
1220 3571 1367 3641 gemitibus

260 3640 598 3778 titillatorii
608 3638 861 3780 llltibtftitlr,
872 3641 1191 3782 tristitia.
1204 3638 1365 3765 0⁰5:le

261 3790 313 3848 ret,
329 3750 465 3833 lo’boribus
478 3748 602 3846 levaret:
613 3796 647 3831 ex
662 3780 759 3833 soorbs
773 3789 802 3833 et
816 3781 889 3835 tristi
903 3782 1028 3852 Aegypto
1041 3783 1177 3835 educeret.
1211 3781 1303 3849 itaque
1315 3779 1365 3831 de-

260 3849 365 3904 scendit
370 3848 470 3915 Moses,
485 3848 585 3901 indicet
592 3848 724 3902 Pharaoni
737 3849 809 3919 quod
821 3850 977 3921 imperatum
990 3857 1063 3905 esset
1074 3868 1091 3903 s
1103 3851 1163 3919 deo,
1179 3856 1261 3919 utque
1274 3847 1364 3901 dimit-

260 3928 332 3973 teret
343 3916 479 3972 israelitas
493 3934 542 3969 nec
555 3916 665 3986 emplius
678 3917 813 3971 detineret
825 3919 954 3974 hortetur.
990 3918 1057 3973 nibil
1071 3937 1193 3973 sermono
1208 3918 1278 3971 vatis
1291 3916 1364 3968 Plos-

258 4005 306 4042 rso
321 3993 513 4055 commovetur,
534 4003 587 4040 non
608 3986 759 4051 dei‘rnsnus
780 3988 966 4059 omnipotentis
987 3988 1129 4042 formidet.
1153 3989 1203 4043 sed
1215 3984 1320 4058 quoties
1335 3984 1365 4038 id

259 4058 439 4126 promisisset,
465 4056 546 4111 toties
568 4056 646 4108 fidem
666 4056 744 4109 follit.
778 4054 841 4112 indo
863 4059 962 4111 foetum
977 4065 1008 4112 nt
1022 4058 1067 4111 dei
1081 4064 1218 4128 spootstor
1236 4065 1312 4109 vstes
1328 4054 1364 4107 ds

259 4127 381 4179 mondoto
400 4125 492 4180 divino
511 4142 611 4194 poenas
629 4124 749 4195 irrogare
764 4134 914 4194 cogeretur.
948 4126 1179 4197 verunviperous
1191 4124 1236 4178 ille
1248 4124 1365 4191 Pboroo,

261 4192 376 4248 alumnus
389 4194 576 4264 improbitstis‚
590 4198 648 4247 crim
662 4196 759 4249 scerbs
770 4194 875 4263 flagella
887 4195 941 4265 ipsi
954 4196 1171 4263 selmovebsntur,
1188 4195 1293 4249 obiecto
1306 4200 1365 4246 eret

260 4263 365 4329 suino,
388 4273 417 4317 et
434 4264 536 4319 Mosen
554 4262 710 4335 suppliciter
726 4264 822 4318 orsbst
837 4273 868 4319 nt
882 4267 918 4318 sd
930 4264 1087 4319 αελκπιίαιάε
1102 4264 1276 4335 greviumque
1288 4261 1365 4315 ‹lolo-

260 4346 319 4386 run
339 4330 498 4389 levationem
514 4338 659 4390 moueret:
684 4334 845 4391 obsocrsbot
858 4334 938 4391 etism
952 4337 1031 4392 donn
1042 4334 1218 4405 lamentisque
1231 4333 1366 4405 plsoobot,
