3100 4850
188 311 263 388 274
595 310 641 383 nt
667 305 898 382 aeolicum

192 486 271 545 done
291 480 495 562 Polaeoiagsss
513 480 552 541 de
569 478 743 561 masma
759 477 833 539 urbe
843 499 902 559 per
915 478 1039 539 titaneos
1051 489 1095 538 est
1109 477 1295 541 cenom

193 570 288 629 clsrsse
305 571 402 649 igitw
422 570 628 645 insperatona,
658 586 738 647 quae
762 586 865 625 omnes
885 576 1096 645 asportaverat
1115 565 1301 624 Marsorum

194 676 299 717 navos
317 658 351 713 in
371 655 499 713 Pontico
518 654 583 711 ram
599 663 723 733 ugente,
743 651 907 711 adaman
929 653 1059 710 merom
1078 650 1300 731 Palaeologus,

193 743 327 822 reffraota
345 760 367 797 a
384 739 547 797 sommant
563 748 667 817 porta,
689 748 776 799 nocte
793 736 940 797 concubia
951 748 997 795 est
1008 736 1170 796 αιὶιιιίιειω.
1214 736 1298 795 Bet

193 828 307 887 doinus
323 843 392 883 vero
410 826 573 903 ιἰιψεναιον
588 834 618 883 et
630 823 782 883 Pantaleo
795 824 985 882 Imaiubnus
992 821 1188 901 paaivcha,
1207 824 1298 880 navi-

190 914 245 993 gio
263 911 418 989 derepente
431 928 501 967 essen
513 910 576 968 susa
595 908 734 968 omnebus
749 920 778 967 et
788 919 880 987 rapta
892 907 1076 987 supellectile
1088 908 1134 967 ad
1146 908 1299 985 Ειυρικηι

194 1016 256 1057 sese
273 994 404 1075 profugi
421 1005 604 1073 receperam.
650 993 790 1054 audiatur
808 997 901 1054 etiam
924 992 1024 1054 denuo
1044 993 1212 1053 Sabellicus
1233 995 1299 1051 lla-
1423 1044 1427 1049 ,

194 1081 284 1143 need.
298 1084 318 1145 9
334 1080 387 1139 lib.
402 1083 438 1144 6:
461 1080 518 1139 sed
538 1080 612 1139 dune
633 1080 699 1153 ille,
720 1078 903 1156 balduinm,
925 1090 1087 1138 maenam
1108 1081 1171 1137 vine
1181 1077 1300 1158 firmi-

195 1170 264 1240 dat,
284 1166 445 1227 domama
459 1167 653 1245 opprimitur,
674 1164 747 1225 serbe
761 1186 862 1225 voum
873 1186 895 1223 a
903 1167 1019 1244 pauerb
1028 1163 1215 1243 Palaeologo
1222 1184 1301 1241 pro-

194 1254 260 1313 uta
282 1262 334 1311 est.
381 1260 413 1310 et
429 1262 504 1311 eunt
521 1253 575 1332 qui
593 1252 701 1311 dicunt
718 1272 788 1311 aem
807 1250 956 1331 airsurase,
977 1268 1072 1331 quum
1089 1250 1170 1307 hosti
1184 1248 1302 1307 nudata

195 1350 250 1399 est:
273 1336 328 1397 sed
340 1338 403 1395 eive
418 1336 524 1419 afficit,
545 1358 615 1395 eum
629 1337 724 1395 boetis
736 1338 769 1395 in
783 1336 888 1395 urbere
899 1347 1035 1415 receptae
1046 1346 1103 1407 est,
1123 1336 1187 1393 eive
1198 1336 1233 1393 in
1245 1354 1301 1392 ca-

194 1426 265 1484 etris
275 1422 358 1503 suit,
380 1424 455 1481 sotis
476 1432 605 1494 constat,
626 1422 813 1501 Byzantium
831 1422 1002 1501 pmde'ttbne
1021 1422 1178 1480 anuaeunu
1223 1420 1300 1479 Ale-

194 1512 265 1569 xius
291 1508 519 1588 Strategopulus
549 1517 579 1567 et
604 1526 666 1568 non
694 1506 827 1567 Michael
844 1509 1042 1587 palaeologus
1064 1508 1187 1586 Cpolim
1206 1506 1298 1585 capit.

193 1590 347 1677 quomodo
360 1596 442 1651 enirn
456 1596 509 1675 qui
521 1595 649 1653 Nicaeae
664 1603 693 1651 et
709 1591 889 1653 Peritheorii
901 1593 1157 1666 commorabatur,
1178 1592 1299 1669 cpolim

195 1699 302 1760 capere
312 1676 434 1759 pontiti
456 1689 487 1737 et
500 1697 572 1739 sans
586 1681 612 1739 si
626 1698 681 1759 per
694 1680 824 1739 Graecos
839 1678 877 1738 de
889 1676 1095 1760 recuperanda
1105 1678 1192 1757 cpoli
1203 1674 1298 1733 fidem

194 1776 308 1825 certam
332 1760 502 1840 habuisset,
527 1766 691 1843 gloriosam
710 1764 787 1823 adeo
809 1766 997 1845 provinciam
1009 1783 1074 1824 non
1087 1759 1299 1822 demandasset

194 1852 322 1925 Alexio,
345 1846 400 1909 sed
417 1852 484 1929 ipse
501 1869 556 1928 per
578 1870 611 1911 se
633 1848 673 1909 ad
694 1852 827 1910 similem
844 1847 1034 1930 triumphum
1055 1850 1243 1922 accessisset,
1263 1856 1297 1905 ut

193 1938 307 1996 fecerat
322 1954 401 1995 anno
415 1936 579 2014 superiori,
603 1952 664 2017 quc
676 1936 777 1995 verbis
789 1936 889 1995 Aselis
902 1936 998 1995 fretus
1011 1936 1179 1993 exercitum
1189 1934 1224 1991 in
1235 1933 1300 1991 Ga·

193 2023 288 2081 latam
303 2019 431 2079 ducant
442 2019 482 2080 ad
496 2016 733 2101 expugnandum
744 2019 824 2080 illud
836 2020 1001 2101 oppidum,
1023 2029 1058 2079 ut
1070 2018 1243 2094 videbatur,
1265 2036 1299 2076 re

193 2117 296 2167 umen
306 2126 393 2181 vera,
414 2115 450 2165 ut
462 2108 643 2185 Byzantium
656 2115 832 2186 occuparet,
853 2105 997 2187 deceptus
1010 2102 1209 2165 nihilominus
1225 2122 1300 2182 pro·

193 2195 294 2253 missis
324 2192 441 2265 Aselis,
473 2210 506 2250 re
529 2192 658 2265 infecta,
686 2194 830 2251 Nicaeam
854 2194 1023 2253 reveritur.
1065 2188 1146 2250 adde
1168 2188 1301 2249 eundem

193 2276 374 2337 blichaelem
398 2294 461 2335 non
482 2278 600 2336 misisse
617 2278 763 2338 Alexium
777 2275 817 2336 ad
832 2276 1040 2358 occupandam
1054 2277 1175 2356 cpolim
1190 2272 1246 2335 sed
1260 2272 1301 2332 ad

195 2361 410 2423 debellandum
423 2359 604 2421 Michaelem
618 2360 817 2439 detectorem,
839 2373 955 2424 etcum
966 2382 1060 2443 prope
1073 2362 1193 2442 cpolim
1208 2379 1301 2419 exer-

195 2452 272 2510 citus
290 2457 370 2508 esset
385 2446 557 2524 ducendus,
580 2447 700 2509 dedisse
721 2449 754 2508 in
771 2451 940 2509 commissis
955 2449 1065 2508 Alexio
1079 2467 1143 2508 nou
1156 2458 1191 2507 ut
1207 2467 1300 2527 cape-

194 2545 255 2611 ret,
278 2532 333 2594 sed
348 2542 382 2592 ut
396 2531 604 2594 tannrmmodo
616 2545 800 2615 pertentaret
811 2545 842 2593 et
858 2537 975 2594 Latinis
987 2537 1130 2594 timorem
1141 2535 1299 2591 incuteret.

194 2617 639 2700 Pachyrnereslib.2p.188
660 2621 691 2682 6·
735 2619 888 2700 quomodo
908 2631 1013 2701 postea
1038 2621 1165 2681 Alexius
1192 2616 1298 2675 urbem

196 2707 324 2787 ceperit,
360 2703 428 2762 fuse
458 2713 581 2764 namant
609 2723 716 2763 eorum
742 2714 915 2785 temporum
942 2701 1104 2788 cinenses
1128 2703 1298 2783 scriptores,

194 2791 369 2871 Acropolita
391 2785 608 2870 Pachymerim
628 2799 659 2849 et
674 2789 753 2850 forte
772 2792 937 2870 Gregoras,
958 2809 1088 2872 quorum
1108 2788 1189 2848 dicta
1208 2803 1300 2868 praa-

196 2874 336 2958 ponenda
348 2886 419 2936 sunt
431 2875 574 2936 Sabellici
587 2885 618 2936 et
628 2874 740 2937 Blandi
751 2880 893 2953 somniis,
930 2870 1116 2936 Balduinum
1127 2891 1198 2934 cum
1209 2873 1300 2934 rebus

194 2962 371 3022 necessariis
394 2971 424 3018 et
447 2962 670 3040 pretiosissimis
687 2962 761 3042 fuga
781 2961 823 3022 ad
839 2963 988 3043 Euripum
1007 2962 1176 3040 appulisse,
1193 2956 1302 3018 ‚credat

194 3050 367 3130 quicunque
381 3043 518 3105 eiusdem
530 3057 620 3129 atque
635 3048 803 3108 Sabellicus
817 3059 848 3109 et
860 3046 996 3108 blondus
1006 3047 1104 3106 felicis
1115 3046 1230 3104 cerebri
1243 3055 1300 3105 est·

195 3137 250 3216 qui
271 3134 354 3190 euim
368 3133 538 3192 necessaria
559 3142 589 3190 et
610 3135 827 3212 pretiosissima
850 3131 968 3193 deferre
986 3151 1091 3192 secum
1107 3133 1223 3210 potuit,
1244 3131 1298 3211 qui

194 3227 371 3278 ornamenta
390 3219 511 3296 imperii
536 3227 567 3276 et
590 3214 745 3297 digmtmb
770 3221 902 3299 insignia
925 3227 957 3278 et
979 3219 1133 3278 carissima
1159 3233 1298 3299 quaeque

193 3301 331 3365 hostibus
346 3300 491 3381 praedam
507 3301 650 3383 reliquiti
691 3308 771 3364 Aac.

277 3389 387 3468 p.191
405 3392 503 3453 v.19·
544 3381 625 3468 ὀπήν
637 3388 725 3470 sesa]
747 3391 896 3469 Gregoras
910 3405 943 3469 p.
956 3387 998 3454 85
1022 3389 1073 3452 18·
1114 3389 1193 3446 Aac.
1363 3435 1369 3442 .

199 3502 209 3516 ·
278 3472 321 3532 ib·
338 3491 369 3531 v·
383 3476 436 3538 21.
478 3471 602 3553 ciuitas
614 3470 666 3536 tat
677 3471 807 3555 ταύτης]
830 3476 978 3553 Gregoras
992 3493 1025 3553 p.
1038 3472 1081 3537 86
1104 3475 1154 3536 19.
1196 3473 1275 3531 Aac.

281 3557 324 3618 ib.
338 3578 369 3619 v·
384 3561 438 3622 23.
480 3551 640 3640 κόμπους]
664 3561 701 3618 G.
718 3558 853 3620 Godinus
868 3561 904 3617 in
915 3560 1021 3618 libello
1034 3556 1073 3616 de
1089 3557 1179 3616 rebus
1194 3559 1300 3637 patriis

196 3645 342 3725 (ipoleos,
363 3663 456 3724 quem
472 3645 566 3704 frater
584 3663 672 3704 meus
694 3646 843 3725 Georgim
861 3646 897 3703 Ρ.
914 3647 957 3702 Μ.
976 3642 1015 3702 de
1030 3643 1146 3702 Graeco
1161 3645 1195 3701 in
1211 3645 1299 3701 Lati-

196 3751 271 3790 num
295 3729 464 3804 trammlit,
486 3731 571 3789 cuius
589 3731 692 3790 statim
710 3732 744 3790 in
762 3731 912 3810 principio
931 3738 1073 3790 notarum
1092 3729 1298 3801 meminimus,

196 3815 247 3875 hic
265 3817 296 3874 in
316 3816 376 3874 fine
396 3815 484 3877 nobis
498 3812 539 3874 ad
552 3815 788 3894 explicationem
801 3814 893 3874 huius
904 3815 965 3874 loci
977 3834 1050 3893 prae
1063 3815 1188 3873 caeteris
1201 3811 1298 3871 adro-

196 3899 310 3961 candus
332 3911 393 3959 est:
423 3893 556 3980 noricae
576 3899 713 3983 (inquit)
736 3893 795 3964 ode
816 3899 836 3965 d
856 3895 946 3975 odric
966 3894 1109 3981 βασιλειὲς
1129 3894 1297 3980 (Theodo-

196 3990 260 4048 sius
280 3981 401 4066 Iunior)
423 3985 539 4050 inscios
560 3985 614 4049 sci
634 3981 721 4066 λιτὴν
739 3987 786 4061 εἰς
802 3981 856 4051 cdv
874 3981 998 4064 κόμπον
1014 3989 1071 4048 τοῦ
1084 3983 1298 4068 spritousaiiou

196 4069 269 4153 ursei
285 4076 342 4136 scri
353 4066 542 4153 πατριάρχου
557 4066 709 4154 Πρόκλου.
751 4070 801 4132 his
814 4069 893 4130 adde
905 4071 1094 4131 Diaconum:
1115 4079 1153 4128 ut
1164 4071 1300 4128 anunm

195 4159 344 4236 Byzantii
355 4167 438 4216 setta
450 4159 616 4230 siccatam,
637 4159 671 4218 t'n
681 4157 746 4218 loco
759 4158 814 4238 qui
829 4158 963 4235 ζ’ωιψιω
975 4157 1102 4227 masau,
1123 4166 1221 4214 essent
1225 4175 1300 4233 per-

194 4255 375 4316 sevemntee,
397 4253 428 4303 et
439 4253 571 4320 caetera,
593 4261 672 4325 qnae
685 4245 719 4304 in
732 4245 813 4304 nous
826 4242 867 4303 ad
881 4241 1032 4302 chinusn
1047 4243 1179 4301 eximiae
1195 4238 1300 4300 erudi·

194 4332 285 4392 tionis
299 4339 331 4392 st
345 4327 520 4411 Quas·
532 4331 580 4393 vir
589 4327 740 4393 lohannes
752 4330 902 4392 Meursius
914 4328 1082 4392 annotarit.
1124 4327 1252 4390 Docet.
