3100 4850
285 286 360 359 204
681 288 726 355 [t
752 290 980 356 crottum!

283 476 352 515 rum
374 452 513 525 domina,
540 460 606 511 tum
627 457 771 532 temporis
786 454 907 513 intlore
923 455 1379 515 mononimmeritobhrtiulis

283 542 419 601 versibus
434 538 609 617 compellari
624 543 722 617 potuit

445 636 592 681 ter-rum
605 624 663 681 dea
673 626 869 702 gentiumque
880 624 997 693 Romu,

447 712 500 767 cui
507 730 572 786 pur
584 720 627 767 ut
637 710 718 767 nihil
732 720 760 765 et
771 709 854 766 ΜΗ
861 709 1036 767 secumdam.

283 795 434 851 enimvero
448 792 505 852 hoc
517 792 645 853 iudaeus
655 798 783 874 scriptor
792 804 932 867 testatur,
953 794 1111 851 BeniamIn
1127 788 1292 872 (inquam)
1306 792 1376 849 Tn-

282 877 412 937 deleusis
428 882 460 937 iu
474 881 629 938 itinerario
643 900 714 953 suo,
736 880 789 936 ubi
801 900 835 937 se
848 880 967 959 cpolim
977 881 1095 935 venisse
1113 888 1143 934 et
1156 880 1236 935 inter
1249 878 1308 931 alia
1321 898 1376 933 ur-

279 964 326 1021 bis
342 962 517 1023 admiranda
530 962 641 1023 vidisse
653 962 837 1023 Blachemas
850 963 890 1020 ad
903 966 986 1021 littus
998 966 1101 1037 maris,
1122 982 1199 1041 opus
1211 965 1285 1039 imp.
1298 963 1376 1017 Em-

278 1050 443 1123 manuelis,
465 1050 576 1109 scribit.
619 1052 653 1107 ia
671 1070 718 1121 ec,
739 1052 853 1128 inquit,
876 1049 942 1106 Icco
962 1050 1028 1105 visti
1040 1068 1089 1105 res
1100 1057 1229 1104 amatu
1242 1047 1375 1103 merenli-

278 1132 362 1191 habs.
393 1134 569 1215 ‹leserurw
581 1137 661 1192 mim
673 1136 706 1193 irs
720 1134 804 1193 illud
812 1133 972 1192 Pataram
983 1135 1145 1212 quotamua's
1156 1131 1283 1201 vidum,
1302 1133 1374 1209 qui-

277 1216 335 1277 hm
354 1230 450 1277 trime
469 1220 633 1298 sheplentur
650 1223 788 1277 coecum
801 1239 1017 1297 purpureaqroe
1034 1228 1112 1275 veste
1124 1228 1154 1273 et
1168 1238 1258 1283 mnu,
1278 1217 1323 1272 ira
1337 1226 1375 1273 ut

277 1302 391 1361 nullibi
401 1317 548 1363 utrarum
560 1326 622 1383 pur
634 1316 802 1363 structwue
814 1316 905 1383 atqcue
917 1304 1094 1363 divmarum
1106 1301 1274 1379 exemplum
1286 1304 1374 1357 ἰπνο-

277 1391 340 1445 m'rr‘
356 1392 463 1467 possit.
508 1391 681 1467 affirmatur
698 1402 800 1447 mrtem
814 1392 910 1467 ipsius
924 1388 1018 1447 colicas
1029 1389 1160 1447 civitam
1172 1386 1317 1462 vectigal,
1336 1407 1374 1442 es

267 1474 353 1552 soris
359 1486 452 1551 portu
465 1496 504 1531 uc
514 1486 712 1533 mercatorum
726 1474 836 1531 tributo
847 1474 1018 1541 muscam,
1037 1472 1084 1530 od
1093 1474 1204 1549 viginti
1213 1472 1300 1527 nuidis
1312 1492 1374 1527 uu·

275 1579 395 1615 raonurs
416 1561 450 1615 in
471 1558 607 1637 turgidos
627 1559 691 1619 dics
708 1559 857 1617 accedere.
901 1562 979 1617 vixit
999 1556 1050 1615 hic
1066 1568 1250 1615 auctorante
1265 1556 1328 1617 400
1340 1566 1373 1613 et

276 1641 360 1722 quod
375 1647 506 1701 excurrit
519 1662 623 1702 annos.
666 1648 785 1703 Nicetas
797 1642 958 1702 Choniates
971 1664 1032 1701 non
1047 1663 1107 1700 uno
1119 1646 1151 1699 iu
1164 1644 1231 1699 loco
1243 1640 1371 1697 nobilis·

275 1730 384 1785 simam
400 1726 478 1785 hanc
493 1730 597 1787 urbem
608 1732 683 1787 mire
699 1728 865 1809 praedicat,
886 1740 1057 1808 sortemque
1071 1730 1136 1785 eius
1148 1730 1212 1783 iam
1225 1746 1244 1783 a
1254 1728 1369 1784 Latinis

276 1824 381 1891 captae
404 1812 556 1895 deplorat:
589 1812 657 1872 vide
681 1817 829 1895 imprimis
848 1815 982 1892 elogium
999 1814 1082 1871 urbis
1102 1816 1136 1869 iu
1153 1812 1264 1869 Alexio
1283 1812 1370 1867 Duce

275 1900 432 1957 Mur-rullo.
475 1896 565 1957 babet
581 1903 612 1957 in
628 1904 794 1979 κειμηλίοις
808 1902 872 1958 suis
884 1902 1095 1957 Bonareutura
1106 1898 1271 1954 Vulcanius
1280 1897 1317 1953 V.
1333 1897 1367 1968 C,

275 1986 389 2063 optime
410 1982 448 2043 de
469 1986 576 2045 litteris
600 1986 720 2043 Graecis
743 1988 887 2057 meritus,
904 1986 1041 2062 Gregorii
1061 1984 1163 2061 Cyprii
1183 1978 1369 2059 patriarchae

275 2070 425 2149 cpolitani
450 2068 679 2151 descriptionem
698 2082 728 2129 et
749 2072 919 2129 encomium
938 2071 1020 2127 illius
1038 2068 1140 2140 urbis,
1160 2066 1370 2123 Emmanuelis

272 2166 428 2237 praeterea
451 2152 648 2235 Chrysolorae
672 2156 831 2234 epistolas,
854 2156 963 2235 quibus
985 2163 1117 2211 veterem
1133 2164 1164 2209 et
1177 2155 1293 2209 Noram
1304 2152 1370 2207 Ro-

271 2258 355 2299 mam
377 2242 457 2299 iuter
478 2261 511 2299 se
535 2244 756 2301 accuratissime
778 2251 940 2319 comparat.
989 2249 1152 2317 extantque
1171 2238 1263 2314 vulgo
1285 2238 1369 2292 Petri

272 2324 358 2383 cittii
372 2323 409 2383 de
424 2323 621 2405 topographia
633 2328 761 2405 Cpoieos
775 2336 806 2383 et
819 2324 857 2382 de
871 2326 953 2382 iilius
965 2322 1190 2403 antiquitatibus
1202 2321 1369 2378 doctissimi

272 2412 494 2488 commentarii,
516 2414 560 2470 uti
578 2423 608 2469 et
622 2410 661 2468 de
678 2414 811 2490 Bospom
825 2408 967 2468 Thracio.
1008 2410 1173 2487 imaginem
1188 2427 1260 2464 rero
1274 2404 1369 2466 huius

270 2496 475 2574 amplissimae
498 2497 624 2556 ciritatis
642 2495 745 2554 ridere
761 2497 815 2574 qui
829 2497 927 2570 volet,
948 2492 1037 2552 adeat
1051 2497 1078 2551 is
1094 2492 1265 2551 academiae
1280 2493 1369 2568 Lug-

270 2576 514 2637 duno-Batavae
535 2579 765 2654 bIbliothecam,
794 2581 847 2637 ubi
869 2583 996 2638 Turcica
1019 2580 1121 2657 Cpolis
1144 2583 1177 2635 in
1195 2578 1298 2634 tabula
1325 2582 1366 2641 11

269 2665 387 2722 circiter
399 2662 492 2743 pedes
506 2665 635 2742 oblonga
652 2685 745 2722 manu
763 2663 936 2722 Melchioris
949 2662 1082 2721 Lorichii
1095 2665 1268 2722 felicissime
1284 2659 1367 2719 deli-

266 2760 357 2806 neata
373 2752 488 2808 visitur.
532 2748 570 2806 de
586 2747 693 2807 eadem
707 2769 767 2806 uon
781 2769 876 2827 pauca
891 2753 982 2806 etiam
996 2753 1027 2805 iu
1043 2749 1177 2826 epistolis
1193 2759 1225 2804 et
1238 2751 1364 2804 itinera·

266 2853 320 2894 rus
344 2839 406 2894 suis
424 2837 587 2894 memoriae
602 2833 732 2915 produnt
745 2836 948 2913 amplissimus
962 2837 1112 2912 hogerius
1126 2833 1317 2912 Rusbequius
1331 2843 1364 2889 et

266 2923 474 2979 ornatissimus
488 2923 580 2980 irater
592 2941 678 2978 meus
691 2922 836 2999 Georgius
847 2923 967 2992 Dousa,
988 2922 1042 2999 qui
1053 2921 1139 2976 aunis
1149 2917 1363 2997 superioribus,

267 2999 342 3060 dum
356 3007 416 3061 rita
431 3003 564 3084 deusque
578 3007 731 3080 sinebant,
753 3006 840 3084 Cpoli
854 3025 924 3062 cum
939 3015 1034 3078 esset,
1056 3024 1098 3062 ex
1111 3006 1233 3082 Georgii
1249 3003 1363 3060 Cauta·

266 3090 387 3163 consui,
409 3091 466 3146 vin·
485 3091 590 3168 magni
610 3101 640 3147 et
657 3093 850 3169 imperatorio
869 3100 1026 3148 stemmate
1040 3087 1176 3162 oriundi,
1198 3086 1361 3145 bibliothe-

265 3191 318 3230 cae
339 3193 402 3232 mss
422 3173 574 3232 codicibus
592 3177 637 3232 sio
658 3179 730 3234 satis
745 3179 906 3233 instructae
921 3176 1062 3232 servitute
1077 3176 1241 3252 Georgium
1257 3175 1359 3251 hogo-

264 3255 381 3316 thetam
402 3269 539 3318 nostrum
560 3257 703 3332 redemit3
734 3263 820 3317 euius
835 3263 950 3338 primae
966 3257 1107 3333 editioni,
1128 3260 1238 3334 lector,
1258 3261 1286 3316 si
1304 3279 1360 3314 ae·

265 3357 361 3420 qutun
374 3354 405 3401 te
422 3362 458 3402 ao
473 3345 626 3402 faventem
642 3364 779 3417 sensero,
801 3345 1026 3402 communicabo
1045 3345 1102 3402 tibi
1117 3355 1185 3422 post
1199 3363 1261 3402 non
1278 3345 1360 3402 visas

263 3423 410 3486 hoctenem
423 3440 452 3487 et
467 3449 485 3486 a
497 3431 600 3487 multis
614 3433 761 3508 expetitas
774 3432 894 3488 loannis
905 3432 1040 3488 Zonaras
1052 3430 1194 3507 epistolas
1205 3427 1361 3507 theologi-

264 3531 334 3587 cas,
355 3533 457 3572 rarum
471 3511 609 3595 mihique
625 3533 728 3572 carum
742 3535 830 3594 opus.
872 3515 981 3594 quibus
999 3525 1030 3572 et
1045 3517 1105 3572 alia
1116 3516 1243 3572 sortasse
1252 3535 1361 3572 succe-

264 3595 353 3672 dent,
375 3599 492 3678 reliqua
514 3597 592 3658 mibi
606 3597 705 3657 adbuc
718 3619 758 3656 ex
771 3601 856 3660 libris
868 3619 947 3674 mss,
968 3618 1044 3678 quos
1059 3619 1164 3660 secum
1180 3601 1217 3656 Ι).
1232 3601 1275 3655 Μ.
1292 3600 1360 3656 fra-

261 3693 310 3742 ter
322 3703 409 3744 meus
422 3685 510 3762 Gpoli
520 3683 655 3742 adrexit.
698 3695 850 3743 caetermn
868 3687 926 3742 riri
945 3686 1069 3742 illustris
1084 3681 1230 3762 Hesychii
1246 3685 1359 3742 tutem

262 3770 504 3847 elegantissimus
524 3769 645 3828 libellus
668 3765 706 3826 de
727 3769 817 3828 rebus
839 3773 944 3848 patriis
966 3769 1109 3847 cpoleos,
1139 3788 1232 3847 quem
1252 3790 1360 3828 recens

261 3858 378 3914 amicus
396 3865 498 3914 noster
518 3857 645 3922 ioannes
665 3855 814 3912 bienrsius
831 3857 943 3912 Graece
956 3865 987 3911 et
1000 3857 1107 3912 Latine
1118 3857 1233 3933 primus
1245 3857 1360 3932 miga-

260 3941 305 3996 sit
319 3941 456 4021 uotisque
470 3937 679 3998 eruditissimis
693 3939 868 4013 illustrarit,
888 3959 949 3998 non
963 3951 1010 3998 est
1024 3960 1097 3998 saue
1109 3940 1358 4017 praetereundus,

260 4025 396 4102 quinimo
424 4025 570 4084 ambabus
592 4025 733 4082 manibus
752 4023 988 4101 amplectendus.
1028 4023 1166 4082 rideatur
1190 4028 1283 4082 etiam
1305 4022 1358 4084 hie

258 4105 368 4166 eodem
394 4111 482 4170 tihrlo
512 4112 712 4188 consctipnun
738 4109 919 4186 opusculmn
944 4111 1067 4187 elegans
1092 4112 1214 4187 Georgii
1236 4107 1355 4184 codini,

258 4193 391 4269 origines
416 4196 589 4273 cpolitanas
614 4195 830 4272 complectens,
869 4193 952 4273 quod
980 4197 1072 4254 frater
1095 4214 1182 4252 meus
1207 4196 1355 4273 Georgius

259 4277 478 4357 Heidelbergae
497 4281 572 4340 olim
587 4281 621 4338 in
637 4281 775 4359 linguam
790 4279 933 4338 nauum
951 4299 994 4340 ex
1007 4281 1121 4340 Graeco
1136 4279 1304 4356 transtulit,
1325 4289 1356 4339 et
