3100 4850
244 308 316 383 166
540 306 720 375 GEORGII
743 303 1037 374 ACROPOLITAE

240 480 333 550 ἐκεῒσε
350 476 411 565 γὰρ
426 472 485 560 εἶχε
501 475 557 560 τήν
569 475 713 562 σκηνὴνὸ
730 471 1022 566 πρωτοβεστιόριος,
1048 478 1099 543 καὶ
1112 474 1168 561 τήν
1182 473 1271 543 iolas
1285 482 1341 542 τοῦ

239 579 422 666 τεθνηκότος
434 581 588 663 βασιλίως
601 579 744 667 ἐπλήρου.
795 582 885 667 γνοὺς
899 572 953 645 οὖν
966 578 983 644 δ
997 578 1272 667 πρωτοβεστιιίριος
1286 580 1341 663 τήν

241 682 354 773 ἐφοδον
374 689 431 754 τοδί
452 689 531 747 λαοῦ
552 682 676 769 ὥρμησε
699 690 755 748 τοῦ
780 692 856 749 ναοῦ
881 684 1004 761 ἐξιέναι·
1037 682 1123 747 ἐνδον
1143 683 1201 770 γὰρ
1222 674 1261 767 ἦν
1287 690 1342 763 τῆς

203 790 334 864 Βθείας
355 789 570 871 μυσταγωγίας
591 788 770 869 τελουμένης
791 785 1028 873 ε’πακροιόμενος.
1079 784 1158 851 ἄλλό
1183 811 1261 863 τινες
1280 794 1342 850 τῶν

241 897 297 975 τῆς
319 895 435 973 βουλῆς
458 890 572 972 ἐκείνης
593 888 804 976 συμπαρόντος
820 890 923 977 αὐτῷ,
955 892 1106 965 δείσαντες
1123 888 1167 971 μή
1187 890 1273 966 ε”ξιών
1289 890 1366 952 καὶὸ

242 993 404 1076 ἐποχηθελς
427 993 559 1078 ἐντρέφη
585 995 637 1057 καὶ
659 992 736 1079 πρὸς
757 990 867 1059 ἐαυτὸν
891 990 1092 1079 ἐφελκόσηται
1107 992 1160 1057 τὸν
1177 992 1252 1057 λαὸν
1268 991 1342 1055 κάν·
1386 1004 1391 1009 '

239 1102 351 1166 τεῦθεν
366 1097 417 1160 καί
435 1094 522 1159 αὐτοὶ
541 1101 730 1183 φωραθεῖεν,
756 1095 833 1181 πρὸς
857 1092 1049 1181 ὁρκωμοσίας
1072 1092 1176 1180 ἓτίρας
1199 1092 1342 1179 ἐχώρουν.

241 1197 303 1283 ἤδη
320 1196 380 1285 γὰρ
395 1204 451 1263 τοῦ
464 1199 616 1279 βασιλέως
630 1198 707 1285 πρὸς
721 1198 778 1275 τὰς
792 1196 923 1281 ἐσχάτας
941 1197 1027 1273 ὄντος
1044 1197 1199 1273 ἀναπνοὰς
1218 1194 1342 1261 Θεοδώ-

242 1326 312 1388 ρου,
337 1304 389 1368 καὶ
403 1308 458 1384 τῆς
470 1298 622 1384 διαθήκης
637 1305 680 1378 είς
697 1298 826 1385 ἐπήκοον
841 1298 963 1366 πόντων
978 1301 1224 1385 ἀναγνωσθείσης
1238 1300 1343 1377 αὐτοῦ,

242 1400 407 1487 δμνόουσιν
426 1400 557 1479 ἅπαντες
570 1404 610 1469 ul
630 1404 847 1489 διατεταγμένα
862 1410 907 1493 τῷ
923 1409 1049 1488 βασιλεῖ
1061 1401 1195 1491 φυλάξαι
1219 1403 1342 1489 ἀπαρα-
1352 1408 1387 1460 10

241 1492 364 1589 ποίητα.
415 1502 479 1571 εἶτα
502 1508 553 1569 καί
574 1507 653 1588 μετὰ
675 1507 711 1571 τὸ
733 1504 903 1589 όποβιῶναι
925 1503 1017 1572 πόλιν
1030 1504 1203 1589 ιδμνόουσιν
1218 1508 1265 1570 ἐπὶ
1281 1516 1346 1583 τοῖς

243 1608 357 1686 britcio.
408 1609 509 1692 τρίτον
535 1599 589 1673 οὖν
613 1608 674 1693 ήδη
696 1610 748 1674 διὰ
764 1611 805 1677 sd
822 1608 1024 1699 προειρημένα
1040 1608 1141 1695 ὅρκοις
1159 1612 1210 1673 καί
1224 1604 1346 1691 συνθή-

206 1728 232 1782 c
248 1736 317 1789 καις
344 1711 570 1792 ἐμπεδωθέντες
595 1715 738 1791 πείθουσι
761 1712 815 1777 τὸν
839 1710 1115 1799 πρωτοβεατιιίριον
1140 1714 1343 1777 συνίστασθαι

243 1820 301 1880 τοῦ
315 1818 409 1894 ναοῦ,
435 1811 492 1879 σόν
511 1812 576 1897 ἅμα
593 1823 638 1903 τῷ
654 1816 780 1904 ἀδελφῷ
796 1814 891 1881 adsoni
904 1816 1101 1903 Ἀνδρονίκῳ,
1127 1815 1183 1898 τήν
1207 1820 1263 1879 τοῦ
1286 1839 1361 1901 με(

244 1913 341 2004 χόλου
357 1918 535 2001 δομεστίκου
553 1917 641 1995 ἀξίαν
658 1920 860 2007 τετιμημένῳ,
885 1922 937 1983 καὶ
953 1925 997 2006 τῷ
1010 1914 1122 2005 πρώτῳ
1141 1917 1236 1982 αὐτοῦ
1252 1917 1340 1981 ἀδελ·
1353 1920 1387 1975 15

212 2100 217 2107 .
245 2027 315 2109 φῷ,
341 2017 376 2097 δς
392 2022 444 2085 καὶ
458 2020 688 2107 πρωτυκυνηγδς
703 2026 853 2106 τετίμητο.
903 2018 945 2099 ὡς
961 2023 994 2087 δέ
1008 2021 1043 2085 τό
1059 2026 1180 2103 πλῆθος
1197 2017 1274 2085 είδυν
1288 2044 1346 2105 ηυ-

244 2126 333 2206 prote
345 2133 409 2199 τοῖς
422 2125 521 2210 ξίφεσι
537 2125 609 2190 κατ’
625 2124 725 2189 αὐτῶν
736 2132 924 2212 χωροῦντας,
946 2124 1030 2201 ἐντός
1044 2122 1183 2210 είσήεσαν
1194 2130 1250 2188 τοῦ
1264 2122 1346 2209 ἱεροῦ

123 2226 133 2271 ¹
244 2217 403 2309 βήματος,
429 2227 480 2289 καὶ
495 2226 551 2311 τήν
564 2235 686 2313 παναγῆ
700 2226 952 2315 περιπτυξιίμενοι
966 2225 1116 2314 ’τράπεζαν
1130 2228 1222 2291 ἐκεΐσε
1238 2228 1347 2313 ξίφους

246 2326 334 2414 ἴργοκ
348 2329 518 2414 γεγένηνται
524 2376 535 2409 ,
559 2333 638 2413 μηδὲ
652 2331 730 2413 μετὰ
748 2330 801 2395 τόν
815 2328 910 2417 φόνον
925 2327 1023 2395 οίκτον
1037 2327 1192 2412 λαβόντων
1207 2336 1268 2394 τῶν
1285 2354 1346 2415 φο-

247 2438 379 2496 νευτιόν·
405 2438 544 2498 τοιοῦτον
562 2433 622 2520 γὰρ
644 2433 697 2498 τόν
722 2433 827 2517 θυμόν
853 2431 869 2499 ό
895 2434 971 2512 λαὸς
997 2432 1078 2512 ἄπας
1099 2433 1252 2510 ἐνεδίξατο
1272 2432 1390 2496 κατ’ἳο

247 2531 368 2611 αὐτῶν,
394 2531 471 2598 ὥστε
496 2538 547 2598 καί
571 2536 704 2618 μεληδδν
729 2533 920 2618 διατεμόντες
946 2533 1054 2617 αὐτόν,
1079 2541 1197 2619 μᾶλλον
1216 2537 1250 2600 δὲ
1267 2534 1346 2600 κατὰ

208 2649 235 2704 D
252 2633 359 2722 ἄρθρα
366 2683 377 2715 ,
402 2633 424 2719 ἢ
446 2638 498 2699 καὶ
521 2636 635 2722 σμικρὰ
651 2645 712 2702 τῶν
727 2645 849 2725 σαρκῶν
867 2637 1013 2716 διελόντες
1028 2636 1157 2727 τεμάχια
1173 2639 1297 2716 ἕκαστος
1312 2637 1347 2702 τό

156 2760 158 2763 ·
246 2741 357 2804 οίκεῒον
371 2744 479 2822 τμῆμα
496 2746 617 2827 κρατῶν
632 2746 687 2824 τῆς
703 2743 870 2825 ἐπιθυμίας
888 2740 1130 2831 ἐνεφορήθησαν.
1181 2745 1346 2809 καὶταῦτα

246 2843 303 2926 μὲν
318 2848 455 2908 τοιοῦτον
470 2841 537 2927 ἴσχε
552 2843 604 2914 τὸν
620 2840 741 2930 τρόπον.

247 3077 275 3126 st
294 3067 432 3129 adversm
450 3070 675 3142 protovestiarium
693 3089 725 3125 ac
742 3077 852 3126 tutorem
871 3071 987 3140 illlusqoe
1003 3071 1098 3126 tratres
1110 3087 1160 3124 uon
1171 3069 1346 3124 olusclanore

246 3139 398 3208 irrumpunt.
444 3155 524 3207 qrmre
544 3141 755 3211 protovestiarius
774 3141 878 3210 cognita
896 3139 1064 3198 multitudinis
1083 3141 1224 3210 irruptione
1241 3149 1291 3192 tem
1312 3141 1347 3204 lo,

246 3208 274 3261 lo
292 3225 344 3276 quo
362 3206 464 3260 divinas
481 3209 657 3276 mystagogiue
669 3227 768 3263 sacrum
782 3211 917 3278 audiebat,
935 3209 1024 3278 egredi
1038 3220 1154 3265 conatur.
1189 3210 1233 3261 sed
1244 3159 1347 3278 ιηαίδοια

248 3275 348 3328 consilii
365 3293 396 3327 ac
412 3276 532 3330 iocinoris
547 3279 675 3343 fautores,
694 3280 737 3348 qui
750 3297 807 3335 curu
818 3299 848 3332 eo
861 3287 950 3343 erant,
968 3279 1086 3331 timentes
1097 3297 1129 3334 uc
1140 3294 1187 3330 suo
1199 3278 1269 3330 exitu
1280 3295 1346 3346 equo

248 3344 362 3397 insidens
373 3344 538 3398 multitudinis
550 3347 647 3400 animos
659 3347 756 3400 illectos
769 3348 817 3401 sibi
829 3348 1002 3411 consociaret,
1020 3346 1132 3416 indeque
1143 3347 1253 3416 ipsorum
1286 3346 1347 3398 erfi-

249 3413 292 3469 δὶα
310 3413 504 3485 propalaretur,
522 3415 554 3467 ad
573 3431 667 3469 novum
685 3416 857 3470 iusiurandum
874 3416 1021 3484 adiguntur.
1055 3433 1113 3469 nam
1126 3431 1181 3468 curo
1192 3365 1348 3468 Theodorus

248 3481 391 3550 imperator
408 3493 546 3536 extremum
564 3485 679 3568 spiritum
690 3493 781 3554 ageret
792 3493 818 3538 et
828 3485 894 3538 illius
906 3491 1083 3538 testamentum
1095 3485 1209 3537 omnibus
1220 3481 1347 3536 audienti-

248 3552 299 3604 bus
316 3560 528 3632 percurrantur,
547 3555 657 3606 unrversi
676 3573 733 3607 sese
750 3553 911 3607 iureiurando
923 3553 954 3606 ad
967 3553 1049 3606 cronio
1059 3553 1219 3623 imperatoris
1230 3552 1348 3604 mundata

249 3619 305 3673 siue
320 3619 365 3671 rlla
381 3618 554 3674 immutstione
570 3624 745 3676 conservanda
756 3624 967 3676 constrinxerant
1003 3631 1136 3692 praeterea
1147 3629 1280 3704 postquam
1292 3621 1348 3674 sni-

249 3705 315 3743 uurm
327 3686 442 3755 efflavit,
459 3707 507 3810 pro
517 3691 606 3744 iisdem
616 3701 802 3746 sacramentum
813 3693 945 3746 iterarunt.
981 3692 1082 3746 tertium
1117 3699 1206 3760 roptor
1217 3707 1268 3742 ram
1278 3689 1349 3741 dicta

248 3773 317 3811 novo
329 3757 457 3819 iureiuron
475 3777 491 3810 ο
502 3768 530 3812 ετ
542 3761 702 3828 pactionibus
713 3761 829 3819 adstricti
841 3759 1037 3830 protovestiario
1048 3777 1077 3812 so
1113 3769 1172 3825 ent,
1190 3766 1219 3810 ut
1230 3774 1280 3811 una
1292 3772 1349 3809 cum

248 3827 331 3880 fratre
342 3843 389 3879 suo
403 3827 563 3893 Andronico,
582 3831 665 3896 magni
676 3831 809 3884 domestici
819 3847 924 3882 munere
934 3829 1072 3896 insignito,
1088 3835 1115 3881 et
1126 3828 1221 3880 maiore
1232 3827 1282 3880 alio
1294 3827 1348 3878 lra-

248 3902 305 3962 tre,
329 3895 373 3964 qui
392 3906 582 3966 protocyuegus
601 3909 673 3963 erat,
690 3900 816 3952 mordicus
827 3899 922 3967 templo
934 3898 1139 3952 adhaeresceret.
1173 3896 1219 3949 sed
1231 3894 1348 3958 munitu-

249 3962 333 4016 dinem
345 3964 441 4019 strictis
452 3967 555 4024 ensibus
568 3967 702 4020 adversum
714 3987 743 4020 se
754 3967 891 4020 irruentem
903 3967 989 4019 intuiti
1000 3984 1057 4020 sess
1069 3966 1097 4019 in
1107 3963 1244 4020 mnenon
1260 3965 1349 4016 conle-

248 4040 323 4094 ruot,
343 4040 370 4085 et
387 4032 570 4088 immaculatam
582 4035 718 4105 amplexati
729 4053 838 4089 mensam
850 4038 1052 4103 obtruncantur,
1070 4051 1125 4088 curn
1137 4051 1220 4104 neque
1229 4039 1291 4106 post
1302 4049 1349 4084 ne-

250 4116 304 4152 cem
326 4103 506 4171 parricidarum
526 4105 623 4158 animos
640 4105 675 4156 od
693 4103 888 4157 misericordiam
905 4105 1059 4158 dilexissent.
1098 4111 1221 4172 tantoque
1237 4101 1348 4174 populus

249 4169 339 4222 lurore
358 4170 471 4238 insaniit,
490 4182 520 4225 ut
531 4191 562 4226 eo
581 4173 738 4227 membratim
751 4173 833 4226 diviso
845 4174 900 4226 sive
911 4173 995 4244 potius
1006 4173 1032 4226 io
1044 4173 1165 4226 articulos
1177 4179 1221 4224 out
1233 4169 1351 4225 minutis·

249 4235 327 4290 simas
339 4239 422 4291 earnis
433 4241 570 4310 particulas
580 4242 726 4314 discerpto,
744 4243 889 4311 quicunque
907 4242 1037 4312 proprium
1051 4243 1159 4296 frustum
1171 4255 1245 4296 nanu
1257 4247 1348 4293 teum

250 4308 299 4375 pro
310 4305 415 4362 libidine
425 4310 568 4365 exsaturati
580 4311 639 4368 sut
673 4320 703 4366 et
713 4311 778 4366 baec
789 4305 888 4383 quiden
899 4311 936 4366 sic
948 4327 1067 4366 creuere.
