3100 4850
486 308 790 379 scaoromatt
813 312 965 382 NOTAF.
1201 316 1278 389 209

176 473 348 536 nominibus
368 474 513 555 praeponi
533 474 671 550 solitum,
698 477 828 537 Martios
853 480 957 540 Crusio
973 480 1007 539 in
1023 481 1275 543 Tusco-Graecia

176 572 207 620 st
219 564 323 621 loanni
335 562 466 619 Meursio
478 562 511 617 in
526 560 677 620 Glossario
693 562 961 624 Graeco-barbaro
972 578 1119 625 notatum.
1146 567 1274 644 Anthus,

175 648 228 727 qui
241 647 318 705 liber
332 657 376 706 est
389 646 510 724 liuguae
526 646 659 723 vulgaris
677 646 825 706 Graecae:
848 648 1040 729 ἐβασίλευσεν
1059 653 1105 727 εἰς
1122 648 1198 716 usird
1211 647 1275 717 ross

175 730 194 793 d
207 735 265 809 arip
279 726 538 802 Κωνσταπῖνοςᾶ
552 726 765 809 Helorolo‘yor.
796 734 840 791 sio
853 728 932 813 sopri
945 754 1000 813 pro
1015 739 1114 812 suala,
1136 738 1274 809 dominu,

174 812 323 874 dicebaut.
368 811 543 895 atquebiuc
556 814 682 873 Iacobus
695 814 855 896 Philippus
872 818 1220 896 Bergomasliberandus
1235 825 1272 881 ab
1374 838 1380 847 ·

136 958 138 963 .
173 902 286 979 insigni
313 896 562 974 hallucinatione,
595 918 634 957 an
660 899 796 959 mendo'l
837 902 892 961 lib.
913 905 955 966 12
977 902 1132 980 Chronici,
1157 908 1211 966 ubi
1234 907 1273 966 ds

172 984 386 1045 bloutisferrati
399 981 622 1044 marchionatus
633 984 806 1065 primordiis
821 988 898 1045 circa
912 1006 1025 1045 annum
1037 989 1098 1051 985
1114 993 1177 1068 agit
1191 994 1273 1052 eius-

174 1090 233 1151 que
255 1068 444 1128 marchiones
470 1080 620 1143 recenset,
658 1072 701 1128 ait
723 1072 956 1131 Emmanuelem
980 1065 1171 1152 Cpohtanum
1195 1079 1272 1156 imp.

172 1157 312 1213 Reinerio
341 1154 609 1217 Montiafenatensi
631 1174 759 1214 uxorem
788 1153 907 1217 dedisse
926 1157 1022 1216 liliam
1040 1177 1127 1215 suam
1148 1163 1271 1221 nomina

177 1240 398 1299 carmardam.
434 1242 516 1320 atqui
530 1243 651 1299 Nicetae
663 1241 716 1298 lib.
727 1243 747 1303 6
760 1243 900 1301 scribitur
909 1242 1004 1299 Maria
1016 1245 1222 1303 Emmanuelis
1235 1247 1271 1304 F.

173 1326 318 1383 cohocata
336 1326 430 1383 saissa
449 1322 617 1387 marchioni
639 1326 869 1401 Montisierrati,
897 1327 1025 1385 imberbi
1045 1325 1145 1386 adhuc
1164 1327 1271 1388 adole-

76 1442 79 1455 ν
172 1410 325 1484 soentulo,
362 1412 428 1489 ipsa
453 1413 643 1489 trIgesimum
666 1413 771 1470 aetatis
795 1431 908 1470 annum
930 1415 994 1471 iam
1014 1432 1143 1491 egressa.
1198 1434 1271 1493 ergo

177 1495 357 1553 Curamario
370 1492 446 1553 haec
459 1506 504 1553 est
518 1490 607 1575 Kupd
622 1495 745 1577 Μαρία,
766 1495 892 1555 domm
903 1499 1024 1569 Maris,
1044 1496 1125 1556 unde
1138 1500 1272 1577 ignobile

173 1589 204 1638 ot
218 1578 390 1639 inauditum
404 1579 483 1639 illud
499 1600 610 1639 nomen
627 1578 788 1639 detortum.
831 1593 862 1640 et
887 1581 968 1662 quod
987 1586 1201 1659 monstrosius,
1231 1604 1273 1644 ex

171 1660 230 1725 hac
254 1665 435 1723 Curamarr‘a
455 1666 507 1723 alii
530 1666 695 1725 Οιυιινὰιηι
711 1666 895 1727 fabricarunt
908 1664 1049 1747 pudendo
1066 1688 1174 1727 errore.
1217 1667 1273 1729 sed

171 1746 380 1809 huiuscemodi
400 1748 685 1809 hallucinationibus
705 1751 830 1828 plurimi
848 1754 992 1811 neoterici
1005 1753 1097 1829 vulgo
1109 1755 1272 1832 implican-

171 1845 236 1910 tur,
257 1838 309 1915 qui
323 1833 362 1892 ad
377 1832 434 1893 hoc
447 1836 622 1913 exemplum
640 1832 806 1913 castigandi
819 1846 899 1894 sunt.
941 1833 997 1895 sed
1009 1833 1084 1894 haec
1096 1838 1192 1896 obiter
1203 1859 1273 1897 mc-

171 1922 274 1978 naisss
295 1918 433 1977 sufficiat.
477 1917 516 1976 ad
532 1917 687 1978 historiam
705 1916 788 1999 quod
803 1922 926 1994 attinet,
947 1919 1070 1999 legendi
1084 1932 1202 1998 praeter
1215 1926 1272 1980 Ni-

172 2015 286 2078 cetam,
308 2001 488 2081 Rigordum,
511 2001 708 2062 Godefridmn
720 2005 752 2062 S.
766 2006 958 2063 Pantaleonis
969 2003 1152 2063 monachum
1165 2007 1271 2065 Goion.

173 2090 205 2146 in
223 2088 380 2147 annalibus
394 2085 434 2145 ad
446 2106 559 2147 annum
574 2090 670 2161 1203,
693 2107 769 2168 quos
783 2086 866 2163 dixi,
888 2110 929 2149 ex
949 2090 1161 2163 recentipribus
1175 2091 1273 2149 Blcn-

172 2170 229 2231 dus
245 2174 365 2231 Flavius
380 2170 492 2231 Decad.
507 2176 527 2236 2
540 2173 593 2231 lib.
610 2174 629 2234 6
643 2184 672 2231 et
687 2172 724 2231 de
738 2173 836 2232 Gestis
851 2176 1047 2247 Venetorum,
1067 2176 1109 2231 Μ.
1123 2176 1272 2234 Antonius

172 2258 340 2317 Sabellicus
361 2259 473 2317 Histor.
494 2260 600 2318 Venet.
622 2256 675 2315 lib.
697 2262 735 2333 8,
757 2259 877 2316 Plotina
897 2260 930 2316 in
950 2260 1012 2317 vita
1032 2262 1200 2317 Innocentii
1217 2264 1272 2334 111,

171 2344 285 2401 Paulus
297 2342 444 2401 Aemilius
460 2345 571 2402 Hister.
588 2343 655 2399 Gal.
671 2342 725 2401 lib.
742 2345 779 2417 6,
801 2353 832 2401 et
848 2346 955 2403 Petrus
968 2345 1150 2403 lastinianus
1165 2346 1272 2404 Vanet.

170 2429 268 2488 multa
282 2429 325 2486 ibi
339 2427 376 2486 de
390 2430 582 2506 navigatione
596 2429 772 2488 Latinorum
786 2431 850 2488 sire
864 2428 1100 2488 Occidentalium
1114 2450 1184 2488 cum
1196 2432 1273 2490 Ale-

171 2516 226 2573 xio
245 2533 338 2593 puero
354 2514 472 2592 cpolim
487 2533 608 2588 versus,
631 2510 668 2572 ds
685 2515 789 2572 Alexii
801 2515 889 2594 impii
901 2515 989 2595 iuga,
1011 2512 1050 2574 da
1065 2516 1149 2574 urbis
1171 2536 1273 2596 expu-

172 2603 314 2676 gnatione
336 2610 366 2658 et
387 2600 526 2658 Munulli
545 2599 664 2680 tyranni
686 2597 724 2658 de
744 2601 841 2658 Tauri
859 2601 998 2676 columna
1015 2602 1272 2679 praecipitatione,

172 2681 211 2741 ds
225 2684 309 2742 obitu
325 2685 420 2764 impp.
437 2686 544 2744 haacii
559 2695 589 2744 et
601 2684 656 2742 filii
670 2685 790 2759 Alexii,
812 2683 851 2744 da
868 2687 943 2765 imp.
960 2684 1109 2744 Balduiuc
1123 2684 1272 2758 Flaudrc3

173 2787 251 2847 qaae
275 2770 352 2827 circa
372 2772 581 2834 annam1202
598 2779 628 2828 et
647 2768 728 2832 1204
738 2781 859 2849 peracta
872 2780 953 2830 suut.
995 2781 1200 2848 expugnatam
1215 2789 1272 2826 au-

172 2863 235 2910 tem
254 2853 361 2910 urbem
379 2855 518 2926 invenio,
540 2872 577 2912 ea
595 2861 681 2932 parte
701 2873 761 2933 qua
783 2857 866 2932 regia
889 2865 935 2912 est
952 2862 982 2910 et
998 2853 1146 2930 templum
1164 2853 1197 2912 S.
1211 2853 1272 2910 So-

171 2933 277 3016 phiae,
300 2933 415 2995 duabus
428 2938 554 2996 navibus
568 2939 715 3016 colligatis
727 2948 757 2995 et
770 2935 810 2995 ad
821 2957 942 2996 murum
955 2935 1098 3010 admotis,
1120 2937 1272 2996 Parudslso

173 3031 204 3080 et
225 3021 392 3100 Peregrina
410 3025 588 3096 normantia,
611 3019 693 3101 apud
714 3023 905 3082 vincentium
924 3023 979 3080 lib.
997 3025 1039 3086 30
1062 3040 1128 3100 cap.
1150 3023 1208 3097 91,
1231 3039 1273 3081 ex

100 3101 103 3106 ’
173 3107 300 3186 epistola
324 3104 380 3186 (ut
403 3103 541 3184 ridetur)
562 3108 657 3185 ipsius
679 3104 822 3164 Balduini
843 3108 919 3186 imp.
962 3116 1068 3164 extant
1095 3108 1206 3186 quippe
1233 3104 1272 3164 de

172 3187 231 3250 hoc
246 3191 326 3249 bello
342 3187 419 3248 duae
438 3193 580 3270 epistolas
598 3193 669 3250 satis
683 3191 821 3269 prolixae
835 3190 917 3271 apud
931 3188 1100 3250 Arnoldum
1111 3192 1271 3250 Lubecen-

173 3295 239 3336 sem
260 3274 371 3336 chron.
389 3277 522 3336 Sclaror.
545 3276 599 3334 lib.
619 3279 638 3339 6
663 3295 728 3356 cap.
744 3279 786 3340 19
802 3286 833 3334 et
850 3281 903 3340 20.
945 3275 1085 3336 scribitur
1101 3277 1134 3334 ia
1150 3295 1211 3334 uua
1231 3274 1271 3334 de

173 3379 314 3440 prospera
335 3361 450 3440 cpolim
475 3363 682 3440 navigatione,
704 3360 742 3420 da
764 3364 945 3440 imperatore
960 3371 1116 3440 superato,
1140 3357 1178 3420 de
1193 3363 1271 3440 imp.

172 3449 286 3505 isaacio
309 3445 444 3506 custodia
467 3444 591 3522 educto,
614 3444 652 3506 de
675 3447 801 3506 illustris
820 3446 876 3504 filii
894 3449 959 3506 eius
974 3447 1077 3504 Alexii
1092 3445 1125 3502 in
1143 3446 1270 3504 ecclesia

172 3531 206 3592 S.
221 3528 353 3609 Sophiae
366 3533 572 3608 coronatione,
595 3529 634 3590 ds
646 3530 828 3610 gratitudine
839 3535 903 3590 eius
916 3549 987 3609 erga
996 3532 1136 3603 heduos,
1158 3541 1189 3588 et
1201 3531 1271 3588 alia.

172 3617 248 3674 item
269 3617 303 3673 in
323 3616 416 3674 altera
434 3619 508 3696 imp.
529 3617 673 3676 Alexium
690 3615 815 3696 perfidia
839 3619 1021 3675 Graecorum
1038 3613 1211 3687 seductum,
1232 3633 1273 3670 no

172 3701 321 3780 promissa
340 3701 469 3777 faceret,
493 3703 672 3760 aMurzullo
686 3704 771 3760 Duos
785 3712 941 3776 necatum,
962 3710 994 3759 et
1011 3701 1105 3758 latera
1118 3709 1273 3776 costasquo

173 3789 239 3844 eius
256 3785 340 3844 clara
356 3785 453 3844 ferrea
468 3787 632 3846 confractas
645 3805 726 3861 esse3
748 3807 805 3846 nec
823 3788 920 3845 multo
940 3795 1009 3866 post
1023 3781 1273 3842 domiuumlsaa-

172 3872 272 3946 oium,
291 3890 309 3928 a
331 3889 391 3952 qao
411 3871 491 3930 iilius
510 3870 663 3931 dicebatur
680 3873 773 3932 fuisse
787 3871 943 3946 seductus,
961 3869 1043 3928 diem
1060 3869 1201 3926 clausisse
1214 3886 1272 3924 ex-

172 3965 321 4029 tremum,
343 3955 523 4014 Mnriullam
539 3977 700 4036 occupasse
714 3955 916 4037 tyrannidem.
957 3950 1029 4011 inde
1044 3953 1065 4015 5
1082 3948 1166 4010 eidus
1182 3953 1275 4030 Apri-

173 4041 237 4113 les,
262 4050 348 4099 sexta
370 4041 462 4116 ferlo,
486 4043 609 4102 Latinos
630 4043 732 4101 navali
753 4043 866 4122 praelio
888 4039 1048 4098 infeliciter
1068 4055 1139 4094 cum
1152 4036 1274 4094 Graecis

173 4122 351 4185 dimicasse:
375 4123 430 4184 sed
448 4125 546 4205 pridie
568 4126 668 4200 eidus,
690 4125 822 4187 secunda
843 4125 919 4182 feria
940 4131 1009 4201 post
1025 4123 1198 4199 passionem
1218 4119 1276 4178 do-

173 4210 267 4284 mini,
290 4213 460 4270 conscensis
473 4212 613 4271 marisia
627 4213 733 4270 urbem
746 4213 886 4281 irruisse3
906 4209 1128 4286 imperatorem,
1150 4209 1203 4286 qsai
1213 4203 1275 4264 ison

171 4295 277 4374 procul
293 4314 311 4354 a
329 4298 424 4354 muris
438 4299 553 4354 steterit
566 4298 599 4355 in
612 4299 749 4357 tentoriis
765 4305 917 4370 armatus,
938 4301 1096 4370 conspecto
1114 4288 1199 4350 hoste
1213 4300 1276 4349 sta-

217 4383 318 4458 Gsorg.
338 4387 462 4457 Acropol.
481 4387 576 4440 Ausul.
1029 4374 1070 4440 14
