3100 4850
289 344 364 419 228
593 406 598 415 .
690 342 736 411 IN
760 342 990 413 Guonomtt

372 530 405 591 p·
423 512 463 575 19
479 531 509 569 v.
524 515 555 575 2.
598 508 745 589 Gregoras
758 528 791 590 p.
803 514 846 575 20
870 512 919 574 13.
962 511 1041 568 Aur..

374 594 453 655 inv.
464 596 515 662 15.
546 592 597 658 sci
611 596 643 659 ol
655 592 821 675 alpvpddu]
836 596 983 674 Gregoras
994 606 1097 653 tamea
1110 594 1191 671 pat
1206 592 1282 656 init
1293 602 1384 673 capnt

289 682 401 741 sultani
415 692 584 760 amputasse
595 678 801 756 Theodorum,
822 676 915 761 idque
928 677 1015 739 hasta
1030 681 1064 737 iu
1079 678 1176 735 altum
1187 678 1301 737 alatrum
1311 679 1385 737 bar-

287 768 368 827 baris
379 767 560 826 exercitibus
574 764 749 826 ostendisse.
792 768 871 824 Aur..

371 850 413 911 ib.
434 872 464 911 v.
479 853 530 915 19.
571 856 662 915 sotira
682 857 747 926 τοῖς
766 848 938 931 Ῥωμαίοις]
960 840 1107 930 Gregoras
1120 866 1153 927 p.
1169 850 1210 912 21
1228 844 1261 912 1.
1300 850 1382 910 Aut..

374 934 416 995 ἰό.
432 955 463 995 v·
477 939 531 1001 22.
571 931 771 1018 προσελάβετο
789 934 840 1015 dl]
862 937 1009 1014 Gregoras
1022 956 1055 1014 p·
1068 938 1107 998 21
1117 932 1122 953 “
1133 933 1184 999 15.
1225 935 1304 993 Aur..

373 1042 405 1101 p-
420 1025 463 1085 20
476 1041 506 1079 v·
523 1022 555 1085 2.
596 1014 809 1103 dlu’ppoodrrp]
831 1031 894 1081 erat
907 1022 986 1080 virili
998 1023 1099 1079 animo
1112 1018 1239 1093 mulier,
1261 1018 1299 1077 ab
1314 1019 1381 1097 ipsa

287 1114 393 1167 natura
413 1102 533 1165 dicendi
553 1108 698 1165 suavitate
719 1116 749 1165 et
767 1107 870 1184 lepore
883 1117 1006 1181 ornata,
1033 1104 1073 1164 ad
1083 1106 1252 1182 praesentia
1268 1106 1381 1183 optime

287 1189 521 1251 administranda
542 1200 573 1250 et
594 1190 634 1251 ad
653 1193 756 1257 futura¹
772 1188 957 1269 providenda
969 1191 1181 1263 solertissima,
1209 1190 1277 1248 aliis
1291 1190 1381 1249 rebus
1479 1264 1486 1275 ι

287 1281 439 1336 teterrima
457 1277 567 1355 pestist
595 1287 714 1355 praeter
742 1278 824 1335 euim
849 1278 1034 1356 exquisitum
1057 1284 1195 1333 ornatum
1217 1284 1247 1332 et
1270 1274 1381 1333 luxum

289 1364 422 1441 regium,
451 1363 533 1419 etin
554 1360 697 1419 mutando
712 1371 831 1440 recepto
844 1372 922 1420 statu
936 1372 966 1419 et
979 1362 1067 1420 rebus
1081 1356 1245 1435 novandis,
1272 1360 1381 1439 quibus

286 1449 428 1506 maritum
446 1446 621 1525 superabat,
647 1448 767 1523 ingenio
785 1444 990 1526 impudicitiae
1009 1446 1118 1525 probro
1142 1453 1231 1524 atque
1253 1444 1381 1503 infamia

287 1534 429 1589 maritum
447 1528 672 1589 dehonestabat.
711 1528 787 1589 haec
804 1533 906 1611 itaque
924 1531 1037 1590 limites
1057 1530 1226 1588 transiliens
1246 1538 1276 1586 et
1286 1548 1381 1608 supe-

288 1617 400 1675 riorum
415 1616 618 1692 Augustarum
632 1616 767 1674 instimta
782 1627 974 1674 contemnens
986 1615 1146 1694 imperium
1156 1617 1187 1671 in
1202 1612 1277 1672 duos
1292 1617 1380 1693 prin-

288 1702 403 1780 cipatus
413 1699 529 1759 divisit:
544 1719 642 1781 neque
655 1702 736 1759 enim
745 1702 907 1780 imperator
920 1699 1069 1782 quidquid
1082 1709 1145 1757 erat
1158 1699 1277 1757 libitum
1289 1718 1379 1757 man-

287 1782 393 1859 dabat,
423 1783 477 1843 sed
492 1786 544 1843 illa
558 1789 648 1845 etiam
662 1788 726 1865 pari
741 1789 913 1845 auctoritate
928 1806 1005 1867 quae
1023 1776 1088 1845 ris'a
1105 1795 1189 1843 eraut
1206 1783 1379 1863 peragebat,

286 1870 349 1929 imo
361 1867 520 1951 aliquando
534 1890 588 1950 pro
603 1890 657 1929 sua
670 1870 795 1931 libidine
806 1872 889 1931 illius
899 1872 987 1931 iussis
996 1868 1207 1929 intercedebat.
1248 1870 1280 1930 iu
1291 1868 1379 1947 lega-

287 1956 419 2015 tionibus
432 1952 588 2015 audiendis
601 1954 660 2013 duo
676 1959 804 2035 pretiosa
818 1958 893 2015 solia
909 1956 1173 2035 coniungebantur,
1195 1964 1226 2013 et
1243 1954 1295 2011 illa
1309 1970 1379 2011 ma-

287 2042 344 2099 rito
360 2060 428 2097 cum
444 2060 554 2118 magno
574 2040 732 2119 splendore
747 2061 783 2099 ao
796 2042 875 2120 pileo
887 2044 1016 2119 gemmis
1031 2052 1060 2098 et
1076 2041 1240 2119 perspicuis
1256 2058 1378 2117 marga-

287 2126 352 2184 ritis
366 2136 468 2185 ornato
489 2124 657 2201 assidebat,
688 2136 717 2185 et
730 2137 851 2206 torques
866 2128 1095 2204 pretiosissimos
1108 2122 1146 2183 de
1160 2125 1237 2183 collo
1249 2144 1378 2203 suspeu-

287 2208 388 2271 debat.
423 2209 584 2290 aliquando
601 2214 691 2269 etiam
705 2214 736 2269 in
753 2212 820 2273 aliie
832 2212 951 2291 palatiis
965 2212 1092 2270 seiuncti
1106 2228 1160 2289 per
1175 2210 1255 2267 vices
1269 2208 1379 2267 adora-

287 2294 411 2370 bantur,
441 2294 567 2354 subditis
587 2296 624 2353 ab
643 2298 819 2375 imperatore
834 2294 874 2354 ad
889 2298 975 2357 illam
989 2294 1178 2355 salutandam
1195 2295 1377 2352 transeunti·

286 2378 343 2439 bns
365 2390 395 2439 et
414 2398 512 2459 genua
524 2381 700 2442 submissius
716 2382 911 2443 flectentibus.
953 2382 1072 2441 nonulli
1087 2383 1177 2439 etiam
1190 2380 1377 2459 imperatoris

288 2467 515 2542 consanguinei,
550 2469 602 2546 qui
623 2486 756 2526 summos
777 2469 968 2544 magistratus
989 2467 1149 2546 gerebant,
1181 2466 1376 2546 imperatricis

186 2559 188 2564 '
287 2547 460 2626 splendidas
474 2561 504 2608 et
517 2550 591 2609 altas
607 2551 727 2611 lecticas
742 2562 887 2632 tanquam
900 2555 1051 2634 mancipia
1063 2550 1215 2612 subibant.
1241 2570 1282 2610 cx
1294 2547 1376 2609 cho-

286 2635 367 2692 niata
381 2635 413 2690 in
425 2634 534 2694 Alexio
547 2636 698 2694 comneno
712 2637 764 2694 lib.
782 2643 811 2700 1.
853 2639 932 2696 Ant..

368 2717 409 2776 th.
429 2739 459 2777 v.
476 2718 507 2782 5.
549 2723 603 2780 τοῦ
617 2724 670 2800 τῆς
686 2719 919 2802 Παφλαγονίας]
940 2719 1009 2780 ride
1023 2741 1113 2801 supra
1128 2739 1154 2785 c.
1167 2725 1199 2786 7.
1240 2723 1317 2780 Aac.

369 2801 411 2862 ib.
430 2824 458 2862 v.
475 2803 526 2867 11.
566 2796 712 2868 Ἰσαακίου
727 2811 783 2868 τοῦ
789 2806 1033 2886 Kcvotcvrlvoo]
1047 2805 1106 2881 hic,
1118 2804 1259 2865 defuncta
1268 2825 1373 2880 uxore,

283 2888 529 2968 Belanngariae
541 2893 619 2968 regis
631 2891 724 2951 filiam
736 2889 871 2950 nondum
885 2911 980 2952 anuos
989 2890 1094 2950 decem
1107 2903 1211 2950 natant
1222 2911 1277 2970 per
1288 2892 1374 2968 lega-

283 2982 331 3030 tos
346 2974 450 3032 ambit.
492 2985 628 3055 sumptus
640 2979 825 3056 nuptiarum,
852 2997 891 3036 ne
911 2977 974 3036 fisci
994 2979 1120 3057 pecunia
1139 2979 1172 3036 in
1186 2977 1279 3034 simili
1293 2977 1374 3034 cele-

284 3057 600 3135 britatemiuueretur,
629 3062 666 3120 ab
687 3063 810 3122 urbibus
828 3072 859 3121 et
876 3063 1036 3141 provinciis
1053 3059 1167 3119 affatim
1185 3062 1296 3142 exigit:
1318 3057 1374 3119 sed

284 3139 430 3200 Anchiale
451 3142 592 3203 finitimas
611 3149 787 3224 praesertim
809 3148 919 3206 afflixit
943 3158 972 3206 et
986 3148 1094 3206 Haemi
1115 3149 1226 3205 montis
1246 3146 1372 3221 accolas,

285 3227 317 3290 οἳ
333 3221 592 3309 Muoolsspdtepoa
607 3223 807 3310 ω’νομᾶξοντο,
826 3230 899 3294 νυνὶ
915 3228 948 3294 dl
961 3225 1073 3312 Βλᾶχοι
1083 3229 1309 3310 κικλήσκονται,
1330 3231 1374 3288 ait

284 3307 440 3371 Ghouiata.
484 3309 517 3370 hi
538 3315 620 3391 prius
641 3318 732 3374 etiam
753 3318 895 3376 Romanis
911 3315 1040 3393 infensi,
1069 3334 1124 3395 per
1139 3335 1260 3376 causam
1274 3315 1373 3373 abacti

282 3398 400 3473 pecoris
416 3405 446 3454 et
460 3397 719 3460 alias'vexationes
733 3412 835 3480 aperte
848 3400 998 3461 deficiunt.
1041 3411 1176 3460 auctores
1196 3399 1372 3460 desectionis

283 3480 368 3538 fuere
386 3483 492 3540 Petrus
511 3491 541 3540 et
557 3483 672 3544 Alanus
690 3486 807 3545 fratres.
848 3506 887 3544 ne
903 3496 1004 3544 tamen
1017 3486 1082 3546 sine
1103 3505 1191 3546 causa
1212 3506 1260 3545 ree
1278 3504 1372 3544 noras

283 3565 384 3624 moliri
396 3562 583 3641 riderentur,
605 3565 686 3646 apud
701 3571 862 3649 (inpressos
875 3573 1086 3649 imperatorem
1098 3569 1226 3646 adeunt,
1248 3580 1372 3648 rogant-

283 3669 343 3729 que
370 3658 404 3707 ut
430 3650 597 3728 legionibus
624 3656 765 3714 Romanis
789 3666 1009 3732 aversarentur,
1037 3666 1067 3714 et
1089 3653 1246 3734 praedimn
1268 3655 1372 3734 exigui

282 3733 395 3794 reditus
408 3737 440 3792 in
456 3737 569 3797 Haemo
585 3749 685 3798 monte
699 3740 757 3798 sibi
771 3743 980 3820 assignaretur.
1022 3761 1054 3798 re
1068 3761 1129 3799 non
1143 3742 1315 3820 impetrata,
1337 3749 1373 3798 ut

281 3821 455 3900 contempti,
478 3818 674 3883 defectionem
686 3822 812 3884 domum
825 3827 935 3886 reversi
949 3827 1116 3901 inhiantur,
1139 3836 1168 3884 et
1181 3827 1372 3904 potissimum

280 3906 398 3964 Asauue
421 3903 512 3964 homo
532 3906 686 3984 audacior,
719 3913 771 3990 qul
794 3932 831 3970 eo
852 3915 917 3990 ipso
939 3921 1073 3990 tempore
1093 3910 1130 3970 ob
1150 3910 1371 3990 impudentiam

164 3987 169 4002 ⁶
281 3991 401 4053 loannis
420 3991 661 4052 sebastooratoris
679 3996 762 4054 iussu
784 3995 917 4076 colaphis
935 3997 1121 4075 impingitur.
1171 3996 1371 4054 contumelias

281 4077 371 4134 ctiam
390 4077 496 4134 irretiti
517 4073 654 4144 homines
673 4081 723 4138 isti
746 4083 854 4140 nefarii
873 4083 1083 4160 gravissimum
1100 4083 1135 4138 in
1149 4082 1301 4140 Romanos
1320 4083 1372 4137 iu·

194 4183 198 4192 ·
279 4157 419 4218 cendium
441 4164 629 4222 suscitanmt.
683 4165 808 4244 Bulgari
835 4169 879 4225 rei
905 4165 1080 4224 difficultate
1102 4167 1251 4244 perterriti
1271 4164 1310 4222 ab
1332 4184 1369 4223 eo

278 4253 385 4300 conatu
396 4243 604 4308 abhorrebant.
645 4246 716 4308 hinc
728 4251 843 4325 fratres,
865 4262 898 4310 ut
912 4251 1106 4332 popularibus
1121 4261 1238 4308 metum
1251 4249 1370 4309 adime-

278 4337 360 4403 rent,
388 4329 442 4386 snb
456 4331 601 4392 Demetrii
612 4339 750 4416 rnartyris
765 4339 888 4397 nombre
901 4338 1050 4416 templum
1064 4333 1237 4412 aedificant,
1258 4337 1291 4394 in
1307 4352 1368 4416 quo
