3100 4850
495 298 796 367 ACROPOLITAM
820 301 972 369 NOTAE
1208 304 1281 376 203

190 461 243 520 lib.
260 464 311 526 87.
355 460 489 525 diversae
508 466 585 523 aliae
602 467 676 523 item
696 466 871 546 Acropcles.
912 465 1075 546 Areopolis
1091 486 1210 551 quoqne
1226 490 1283 531 arx

81 582 85 592 ·
189 544 434 609 Atheniensium:
455 547 592 608 Athenae
613 553 694 609 enirn
707 554 739 609 in
752 562 813 610 tres
827 560 928 630 partes
941 556 1005 610 sive
1020 557 1157 633 regiones
1175 554 1283 615 distin-

190 642 255 689 ctae
268 634 341 691 olim
354 645 383 691 et
397 634 523 708 divisae,
545 634 713 713 Acropolin
723 636 808 693 Astu
821 647 852 695 et
864 638 1025 695 Piraeeum
1033 651 1167 716 portum.
1211 639 1284 700 hinc

189 736 339 777 nonnemo
353 718 487 777 fortassis
499 720 571 778 satis
582 730 668 798 putet
680 730 815 781 constare
828 730 979 781 auctorem
990 720 1072 781 hunc
1082 724 1176 785 fuisse
1187 724 1285 786 Athe-

189 804 237 860 nis
248 814 363 861 natum.
407 806 473 863 aliis
488 804 575 863 aliter
586 804 746 865 videbitur.
788 807 913 867 Douss.

272 924 304 983 p.
321 908 340 967 8
357 925 387 963 v.
402 907 432 968 1.
474 907 596 967 Veteres
610 906 674 965 fere
688 927 794 967 omnes
806 926 842 966 ac
856 908 1035 965 recentiores
1050 905 1185 968 historici
1198 908 1232 969 id
1244 932 1285 973 ex
1371 915 1374 920 “

190 988 290 1047 animo
306 1000 494 1066 occurerunt,
516 1002 550 1049 ut
567 1002 636 1050 ante
651 994 710 1051 alia
724 994 884 1051 lectoribus
899 990 1057 1069 historiae,
1080 1004 1111 1051 et
1126 997 1287 1076 praecipue

190 1094 283 1154 qnam
302 1076 361 1153 ipsi
381 1086 447 1134 turn
468 1077 646 1152 scriberent,
674 1078 834 1137 utilitatem
860 1080 937 1137 miro
961 1078 1120 1137 verborum
1142 1092 1287 1161 apparatu

189 1169 405 1237 proponentes,
428 1171 457 1219 et
478 1164 564 1241 quasi
583 1162 664 1219 illice
686 1161 798 1221 blanda
820 1182 916 1243 aeque
935 1183 970 1221 ac
987 1164 1162 1242 impulsoris
1179 1166 1286 1243 legen-

189 1246 268 1300 tium
290 1248 398 1304 animis
418 1246 568 1326 pellectis,
592 1244 695 1305 adsui
711 1249 873 1307 lectionem
890 1246 1096 1306 vehementius
1114 1249 1286 1309 inflamma-

192 1337 273 1386 rent:
295 1331 423 1389 utilitate
438 1332 518 1389 enim
529 1330 669 1391 videntur
681 1335 783 1393 omnia
796 1334 940 1415 probare3
962 1332 1091 1416 ideoque
1104 1354 1165 1393 non
1178 1338 1285 1395 incon-

191 1430 265 1491 grue
281 1413 404 1475 Ovidius
419 1420 440 1479 2
456 1414 493 1474 de
508 1418 614 1493 Ponto,

355 1502 419 1581 ipse
430 1500 517 1560 decor
529 1504 615 1575 recti,
628 1502 716 1583 jbeti
727 1504 757 1560 si
763 1502 904 1580 proemia
920 1500 1029 1573 derint,

398 1606 459 1645 nors
474 1598 583 1659 nsouet;
605 1598 634 1644 et
642 1588 742 1665 gratia
750 1590 886 1664 poenitet
898 1585 1106 1665 esseprodum.

355 1670 404 1729 nil
414 1674 474 1730 nisi
487 1672 709 1751 quodprodest‚
733 1692 839 1730 eanum
850 1682 902 1730 est.
948 1691 985 1728 en
997 1672 1118 1730 muchs
1130 1672 1225 1731 menti

397 1758 611 1837 spemsmctns
622 1756 744 1827 avidae,
766 1776 851 1813 nemo
859 1756 1008 1834 petendus
1023 1758 1087 1814 erit.

354 1852 390 1899 at
402 1842 515 1900 reditus
528 1842 591 1898 ιἀηι
606 1843 730 1921 quisque
741 1860 810 1898 suos
824 1851 920 1910 amat,
942 1850 973 1897 et
983 1840 1043 1898 eibi
1054 1840 1132 1922 quid
1142 1842 1182 1898 ait

400 1926 473 1983 atde
486 1926 621 1983 sollicitis
634 1935 788 2003 computat
799 1924 946 1985 urtr'culra.

193 2004 286 2087 idque
305 2026 374 2065 cum
396 2010 449 2067 alii
469 2010 536 2069 fuse
560 2008 806 2089 abundanterque
828 2018 1022 2090 peregerunt,
1050 2009 1093 2066 ait
1113 2005 1164 2069 blo
1185 2017 1288 2067 auctor

193 2094 275 2151 nolle
289 2113 321 2151 se
336 2114 415 2152 nunc
429 2094 534 2153 eudem
545 2096 666 2171 iterare,
688 2114 728 2154 ne
749 2093 887 2154 rideatur
902 2091 1029 2153 eandem
1043 2094 1222 2151 cantilenam
1235 2112 1288 2151 ca-

193 2198 276 2235 nere.
318 2198 375 2236 nec
406 2180 465 2238 alia
494 2183 607 2239 ratione
630 2200 717 2239 suam
738 2198 862 2239 exorsus
884 2190 929 2238 est
949 2176 1105 2238 historiam
1131 2178 1289 2257 Polybius.

193 2266 380 2341 prooemium
397 2262 454 2323 hoc
467 2267 561 2324 inscio
574 2264 690 2324 editum
705 2275 749 2325 est
765 2284 784 2323 a
797 2266 1006 2345 compilatore,
1027 2263 1099 2322 licet
1109 2264 1174 2322 fere
1188 2264 1290 2324 omnia

195 2350 226 2404 in
239 2346 367 2407 eandem
379 2354 558 2409 sententiam
571 2350 746 2426 efferantur,
769 2368 862 2433 quem
876 2348 970 2409 edidit
981 2350 1098 2424 Dousa,
1119 2360 1152 2407 nt
1165 2348 1292 2430 quilibet

195 2453 236 2491 ex
266 2453 298 2493 se
331 2435 558 2496 animadvertet.
599 2457 656 2496 nos
678 2447 782 2496 tamen
804 2423 946 2495 codiceni
963 2436 1044 2493 nacti
1068 2436 1291 2509 absolutiorem,

194 2520 411 2598 praefationem
425 2523 510 2580 illam
523 2525 555 2580 iu
570 2522 778 2602 compilatione
793 2519 1004 2595 exhibuimus,
1026 2538 1120 2599 quarn
1130 2541 1171 2580 ex
1185 2541 1221 2580 eo
1234 2539 1292 2578 ex-

195 2607 368 2684 scripsimus
383 2609 446 2666 sere
461 2606 590 2666 eandem
604 2628 673 2666 cum
686 2605 743 2666 hac
755 2618 868 2666 nostra.
909 2608 1085 2665 Asnrrrus.

279 2709 344 2785 p·5
365 2727 395 2767 v.
408 2712 439 2774 8.
481 2711 606 2770 Tacitus
625 2711 736 2769 Annei.
757 2711 793 2772 1:
824 2710 889 2768 eine
906 2710 954 2766 ira
975 2718 1003 2765 et
1025 2707 1137 2777 studio,
1165 2723 1294 2784 quonum

197 2810 305 2848 causus
317 2793 431 2869 procul
449 2793 554 2854 habeo.
600 2805 630 2853 et
648 2796 667 2857 1
687 2797 798 2853 Histor.
818 2794 874 2852 red
889 2795 1093 2870 incorruptam
1103 2788 1202 2865 fidem
1215 2809 1294 2868 pro-

191 2873 297 2954 fessis,
318 2896 373 2934 neo
385 2898 486 2937 aurore
498 2881 658 2958 quisquam
672 2889 701 2935 et
712 2880 776 2936 sine
787 2877 854 2938 σὼ
867 2876 1010 2935 dicendus
1021 2885 1073 2934 est.
1118 2875 1228 2932 veritas
1241 2871 1293 2930 hi-

198 2960 307 3018 storiae
322 2965 427 3040 quanti
438 2963 575 3022 facienda
589 2965 638 3036 sit,
657 2963 724 3022 fuse
738 2981 809 3020 cum
822 2963 873 3020 alii
886 2969 1103 3039 pertractarunt
1116 2969 1183 3016 tum
1196 2959 1292 3019 Geor-

198 3045 267 3124 gius
280 3043 482 3125 Paolrymeres
497 3050 531 3105 in
547 3067 682 3127 procem.
693 3045 798 3106 histor.
813 3066 844 3125 p.
860 3049 899 3108 12
923 3047 962 3112 11
978 3064 1045 3127 sqq.
1087 3046 1166 3103 Aur..

281 3147 325 3208 ib.
343 3151 439 3212 v.11·
480 3152 536 3210 rori
554 3145 597 3227 μή
614 3144 715 3227 λήθης
734 3150 827 3231 βυθῷ
847 3142 890 3228 ἣν
912 3140 1073 3229 ὅχρόνος]
1093 3144 1294 3227 Pachymeres

197 3253 231 3314 p.
249 3235 289 3298 12
310 3235 330 3298 5
353 3243 384 3292 et
395 3235 523 3294 Ioannes
537 3235 699 3292 Cirruamus
714 3254 746 3313 p.
761 3231 783 3296 4
804 3234 835 3295 1.
877 3233 956 3291 Aur..

285 3333 327 3395 rb.
351 3345 416 3396 not.
435 3355 466 3394 v.
488 3341 518 3400 6·
561 3333 754 3417 lyystoplva]
776 3337 818 3395 ita
842 3336 951 3394 vitiosa
973 3353 1039 3410 ms,
1060 3351 1120 3416 qno
1137 3334 1227 3394 unico
1246 3334 1295 3393 usi

201 3439 316 3480 sumus.
359 3419 550 3481 scribendum
565 3419 768 3503 tyyryioplvc.
810 3423 935 3482 Bousr.

285 3521 327 3580 ib.
353 3543 383 3581 r.
404 3527 455 3588 13.
497 3527 552 3603 τῆς
569 3523 819 3601 Κωνσταντίνου]
849 3523 950 3603 cpolis
969 3531 999 3580 et
1021 3520 1059 3579 ab
1080 3521 1148 3580 aliis
1169 3521 1296 3599 scripto-

202 3608 300 3682 ribus,
335 3619 497 3688 antequam
520 3617 674 3688 caperetur
702 3627 719 3666 a
742 3610 875 3685 Latinis,
908 3606 943 3666 id
971 3617 1017 3665 est
1043 3608 1126 3666 ltalia
1148 3607 1242 3664 Gallis
1265 3612 1297 3662 et

202 3693 322 3771 Belgis,
342 3689 430 3767 πόλις
450 3688 568 3756 πόλεων
588 3692 641 3756 καὶ
662 3691 924 3773 desudavistis,
944 3692 1022 3750 fellx
1034 3701 1104 3750 ante
1119 3693 1192 3750 allas
1204 3699 1234 3747 et
1246 3707 1298 3746 re-

203 3780 273 3856 gina
295 3779 416 3836 urbium
436 3777 513 3836 dicta
536 3790 598 3854 est,
617 3797 788 3858 nomenque
805 3789 927 3860 propter
942 3777 1153 3836 excellentiam
1166 3775 1250 3832 urbis
1268 3781 1300 3830 et

201 3865 305 3921 Norae
316 3865 429 3921 Romae
440 3867 560 3922 meruit.
601 3883 673 3922 narn
685 3867 866 3946 Byzantium
878 3873 963 3922 retus
976 3881 1086 3920 nomen
1101 3878 1191 3917 nemo
1206 3858 1300 3937 paulo

204 3943 365 4006 humanior
383 3950 519 4026 ignorat,
542 3951 693 4030 situmque
713 3952 795 4024 elus,
816 3967 925 4027 nempe
948 3944 988 4004 ad
1007 3949 1176 4023 Bosporum
1196 3940 1299 4001 'l'hra-

207 4033 303 4106 cium,
324 4031 443 4112 imperii
464 4032 633 4093 Occidentis
656 4032 809 4114 quondam
826 4034 877 4114 (et
898 4034 1063 4090 etiamnum
1085 4025 1194 4102 hodie,
1216 4029 1300 4088 siita

205 4116 374 4174 'lurcorum
386 4116 576 4196 tyrannidem
589 4123 744 4177 nominare
758 4116 869 4196 liceat)
891 4126 990 4194 caput.
1033 4112 1110 4172 haec
1125 4123 1252 4192 augusta
1269 4122 1302 4170 et

207 4202 289 4278 regia
312 4202 399 4276 urbs,
421 4204 530 4261 veteris
548 4205 662 4262 Rornae
685 4202 699 4282 (
707 4222 785 4283 quae
801 4212 832 4261 et
845 4201 1008 4280 septicollls
1022 4200 1068 4258 nti
1082 4196 1158 4256 haec
1173 4194 1303 4260 ἑπτάλο-

205 4307 266 4366 φος
288 4285 428 4369 Graeca>
450 4287 587 4368 aemula,
609 4287 717 4350 muudi
738 4287 934 4364 miramlum,
954 4285 1035 4348 orbis
1054 4286 1186 4366 epitome
1199 4303 1236 4344 ac
1248 4303 1299 4342 re»
