3100 4850
211 351 245 397 vt
572 325 740 394 tosttttts
766 326 939 401 MEURSH

212 521 329 587 rentur,
359 511 419 568 nisi
436 505 515 567 hano
527 512 656 570 assecuti
672 519 781 569 essent.
825 511 948 568 nomina
969 507 1101 588 prudens
1122 528 1184 566 non
1203 528 1307 566 receu-

212 635 274 690 seo,
292 615 364 673 satis
377 631 417 670 ex
429 608 553 670 historia
566 623 646 671 nota.
690 632 818 693 quorum
833 614 969 670 omnium
981 631 1050 669 oum
1064 613 1189 670 virtutes
1201 610 1306 672 sedulo

212 717 402 777 oouiunxeris
420 711 653 774 admiraculum
672 716 739 774 aevi
757 711 865 789 huius,
897 735 954 773 rex
968 725 1113 792 auguste,
1135 712 1214 772 hano
1227 733 1305 794 quo-

212 837 271 900 que
291 814 413 875 laudem
434 815 538 876 deesse
553 819 702 876 maiestati
718 819 806 876 Tuae
821 817 955 875 noluisti.
997 837 1107 896 nempe
1121 828 1164 876 tot
1177 817 1305 876 illustria

212 920 368 998 exempla,
398 937 474 999 quae
495 930 639 1000 perpetuo
660 922 760 978 auimo
780 920 945 978 maiestatis
960 921 1047 978 Tuae
1062 939 1132 979 vere
1151 922 1233 999 regio
1249 921 1305 979 ob-

212 1031 381 1096 versantur,
412 1022 498 1078 aliter
516 1022 614 1080 fauere
630 1019 713 1082 haud
726 1021 925 1100 patiebantur.
969 1033 999 1081 et
1016 1032 1050 1080 ut
1069 1023 1123 1079 illa
1143 1024 1235 1080 etiam
1250 1020 1305 1080 de-

213 1133 329 1198 essent,
358 1119 442 1181 domi
457 1124 621 1182 maiestatis
636 1125 722 1183 Tuae
739 1143 834 1182 unum
853 1133 932 1197 erat,
959 1125 1094 1182 omnium
1110 1126 1220 1199 instar,
1242 1121 1306 1183 divi

213 1227 330 1302 Caroli,
365 1226 497 1305 parentis
515 1227 594 1302 Tui,
629 1244 721 1306 quem
743 1226 946 1284 benivolentia
971 1223 1020 1284 dei
1042 1223 1211 1286 asserendis
1235 1227 1307 1284 forti

213 1347 306 1392 mauu
326 1329 475 1388 maiestati
488 1330 575 1388 Tuae
597 1331 696 1408 regnis
716 1329 869 1386 excitavit.
911 1325 952 1385 ad
974 1327 1105 1409 reliquas
1124 1331 1225 1387 autem
1244 1330 1306 1388 vir-
1348 1310 1353 1320 ¹

213 1439 291 1490 tutes
311 1427 393 1511 quod
416 1434 537 1507 attinet,
566 1435 634 1513 quis
656 1451 718 1491 non
739 1434 884 1510 pietatem
902 1430 1045 1506 miratur,
1076 1451 1174 1490 raram
1190 1434 1223 1490 in
1243 1441 1306 1489 tam

214 1533 333 1591 exoelso
352 1531 494 1612 fastigiol
534 1537 601 1616 quis
620 1553 681 1593 nou
702 1536 796 1591 anhni
814 1530 1055 1611 magnitudinem
1074 1531 1306 1593 inconcussam?

214 1637 280 1716 quis
301 1633 519 1695 oonstantiaml
550 1640 616 1718 quis
633 1633 861 1696 fortitudinem-'l
891 1638 943 1716 qui
961 1639 994 1694 in
1012 1639 1117 1715 primis
1129 1639 1195 1696 istis
1209 1639 1307 1710 anuis,

114 1802 123 1818 v
214 1757 284 1797 oum
305 1735 423 1796 hostem
444 1737 606 1798 barbarum
626 1749 656 1797 et
675 1749 757 1797 aetas
781 1740 946 1797 maiestatis
968 1741 1055 1798 Tuae
1077 1751 1107 1798 et
1127 1759 1181 1799 sua
1204 1740 1307 1798 feritas

127 1919 131 1926 v
213 1860 351 1900 securum
363 1841 496 1930 facerent
504 1885 521 1940 ,ἱ
534 1843 639 1900 titners
653 1851 756 1904 tamen
771 1841 912 1920 coegisti,
936 1851 966 1899 et
980 1845 1067 1919 regni
1078 1842 1153 1901 fines
1166 1853 1200 1901 ut
1213 1845 1307 1901 intre.

211 1941 301 2023 pidus
321 1944 363 2000 ita
386 1945 517 2026 invictus.
534 1942 701 2002 vindicasti.
755 1943 811 2000 ibit
834 1939 910 2001 haeo
930 1963 977 2002 res
998 1946 1030 2001 iu
1051 1942 1225 2018 historiam,
1253 1964 1308 2001 rex

211 2055 351 2123 anguste,
368 2056 415 2130 *et
430 2025 588 2128 P‘ld‘llim
608 2047 663 2106 vix
676 2047 740 2116 sine
753 2055 874 2123 stupore
886 2046 978 2123 leget.
1022 2065 1057 2102 ao
1073 2043 1163 2105 huius
1183 2044 1308 2126 quidem

210 2149 359 2206 felicitatis
372 2128 603 2206 instrumentum
616 2167 688 2206 sane
706 2166 867 2226 magnum,
896 2149 943 2206 vir
962 2148 1087 2207 illustris
1104 2160 1135 2207 et
1150 2150 1308 2228 iuoompa-

211 2249 312 2308 rabilis
326 2229 453 2307 Axelius
471 2227 734 2326 db'ilxenstiema,
755 2252 856 2328 regiae
872 2251 1036 2308 maiestatis
1049 2251 1137 2308 Tuae
1150 2252 1307 2309 (lancella-

211 2352 289 2426 rins,
310 2351 480 2408 immortale
504 2353 589 2429 regni
609 2349 717 2427 deeus3
743 2370 836 2432 quem
857 2361 890 2408 ut
910 2351 1057 2428 singulari
1073 2352 1129 2408 illa
1148 2350 1308 2431 prudentia

210 2451 304 2511 babes
320 2453 438 2511 Nestori
458 2454 556 2530 prisco
577 2452 830 2535 comparandum,
858 2454 902 2510 ita
920 2461 954 2510 ut
974 2454 1065 2510 etiam
1082 2463 1180 2511 aetate
1196 2450 1308 2513 habere

91 2637 96 2645 Ι
133 2622 139 2631 ,
212 2555 286 2614 olim
306 2554 404 2633 possis
424 2572 519 2612 voveo
544 2565 574 2613 et
591 2566 672 2633 opto.
715 2575 775 2613 non
793 2557 840 2614 Te
861 2572 948 2631 rege,
979 2564 1009 2612 et
1033 2554 1087 2613 illo
1106 2565 1171 2614 tam
1189 2553 1249 2614 fido
1274 2576 1309 2615 ao

211 2654 353 2737 prudenti
372 2656 555 2732 consultore,
595 2655 713 2717 adversi
735 2660 898 2739 quiequam
916 2657 1082 2717 maiestatis
1101 2659 1187 2716 Tuae
1206 2661 1309 2737 regnis

212 2756 346 2817 assidere
358 2758 463 2837 possit.
505 2778 562 2816 neo
584 2760 688 2819 tacebo
710 2762 854 2818 loannem
878 2756 1001 2839 Skytte,
1029 2762 1129 2818 virum
1153 2763 1308 2822 nobilissi-

212 2880 297 2919 mum
318 2872 347 2918 et
362 2860 598 2939 amplissimum,
626 2864 659 2920 in
674 2863 803 2921 Grousio
825 2872 855 2920 et
873 2862 981 2937 Elffio,
1010 2863 1096 2921 Tuae
1120 2866 1269 2924 maiestati
1289 2887 1308 2925 a

213 2964 343 3022 consiliis
358 2974 387 3021 et
403 2964 581 3039 rationibus;
616 2984 707 3045 quem
720 2965 920 3044 legationibus
935 2964 1072 3043 pluribus
1087 2963 1177 3024 valde
1195 2966 1308 3026 olavum

212 3066 265 3124 alii
278 3067 428 3145 prinsipes
441 3085 503 3123 non
516 3068 672 3146 ignorant,
696 3077 726 3125 et
743 3065 825 3145 apud
847 3086 902 3127 nos
922 3070 1092 3148 quicunque
1114 3069 1246 3149 aliquam
1265 3074 1309 3130 rei

213 3168 349 3247 publicae
372 3178 489 3246 partem
508 3180 622 3230 tenent.
665 3167 741 3229 baeu
760 3180 795 3229 ut
815 3173 917 3229 omnia
933 3172 1083 3229 maiestati
1101 3173 1188 3230 Tuae
1206 3184 1309 3252 gratu-

213 3272 306 3345 larer,
332 3271 395 3328 vvis
417 3271 554 3331 fortunae
577 3274 663 3331 Tuae
691 3276 839 3352 expressit
860 3284 889 3331 et
909 3292 1021 3352 pronus
1047 3292 1166 3354 quoque
1191 3277 1225 3334 in
1245 3296 1310 3335 rem

212 3372 364 3451 publicam
384 3384 517 3433 nostram
537 3378 672 3450 animus,
703 3377 751 3433 oui
771 3384 835 3433 tam
860 3376 997 3453 impense
1019 3376 1118 3450 faves,
1150 3387 1184 3435 ut
1208 3397 1278 3435 oum
1292 3398 1310 3435 a

214 3476 314 3553 regnis
328 3474 492 3536 maiestatis
507 3479 593 3537 Tuae
607 3478 687 3553 abis,
718 3496 780 3536 non
793 3480 930 3536 invenias
946 3478 994 3534 oui
1010 3477 1111 3535 favere
1126 3480 1224 3561 magis
1237 3500 1311 3559 pos-

214 3579 265 3635 sis.
308 3574 380 3635 bine
397 3577 503 3639 foedus
520 3579 598 3639 illud
614 3600 683 3639 oum
704 3580 915 3641 illustrissimis
936 3599 971 3638 ao
984 3582 1199 3658 potentissimis
1211 3582 1310 3661 Belgii

212 3677 358 3738 foederati
375 3677 528 3743 ordinibus
548 3702 645 3762 nuper
663 3685 767 3741 ictum.
810 3678 882 3740 hino
908 3692 937 3739 et
964 3680 1047 3762 quod
1074 3701 1114 3739 ex
1138 3684 1192 3740 illa
1221 3694 1311 3762 geute

213 3785 311 3842 virum
328 3782 522 3862 magnifieum
547 3794 577 3842 et
599 3786 820 3865 amplissimum
839 3785 983 3844 Iacobum
1007 3781 1160 3863 Dyokium
1181 3786 1310 3865 elegisti,

213 3888 298 3943 ouius
318 3886 448 3945 consiliis
467 3884 707 3965 prudentissimis
729 3891 762 3947 in
779 3888 923 3946 maximis
941 3896 987 3944 tot
1002 3906 1163 3965 regnorum
1183 3891 1312 3967 negotiis

213 3988 355 4062 utereris3
384 3990 528 4069 uniusque
550 3987 608 4047 fide
631 4010 666 4048 ao
685 3992 846 4050 virtutibus
863 3992 1126 4069 praestantissimis
1149 3992 1313 4071 exploratis

214 4089 246 4145 in
267 4088 417 4167 legatione
436 4110 497 4149 nou
519 4111 580 4149 una
603 4090 643 4151 ad
664 4094 781 4151 Galbae
800 4112 836 4151 ao
858 4093 1030 4151 Britanniae
1056 4111 1157 4172 reges,
1187 4092 1311 4153 tandem

214 4187 264 4246 hio
277 4190 335 4248 looi
350 4191 431 4270 apud
445 4213 495 4253 eos
517 4214 593 4275 qnos
605 4193 679 4253 (11κί
698 4194 818 4254 ordines
830 4195 925 4273 legati
941 4193 1084 4254 ordinarii
1093 4216 1206 4256 munus
1219 4200 1312 4257 susti-

215 4310 285 4349 nere
298 4293 427 4354 voluisti.
471 4315 570 4378 noque
583 4294 642 4356 hoo
656 4300 739 4359 satis.
782 4302 889 4357 Ianum
903 4302 1096 4380 Rutgersium
1115 4304 1195 4362 inter
1214 4303 1311 4381 prima
