3100 4850
484 321 787 391 tcuotottmu
811 326 963 395 NOTAE.
1200 329 1276 399 225

177 486 304 547 membri
321 488 429 547 lueret.
450 505 509 567 qua
524 486 562 546 de
575 508 665 547 causa
678 487 718 546 ad
731 487 906 549 diuturnum
920 511 1071 553 carcerem
1088 502 1133 552 est
1146 490 1274 553 damna-

176 583 235 650 tus.
280 594 349 633 cum
370 572 569 652 displicuisset
590 574 707 632 Suitani
728 575 886 648 fratribus,
921 582 974 655 qui
994 598 1122 657 regnum
1143 600 1212 638 cum
1235 602 1272 641 eo

177 656 348 733 diviserunt,
371 656 453 739 quod
467 656 620 716 hominem
634 660 797 737 profugum
809 672 840 717 et
850 664 1016 738 supplicem
1027 669 1172 743 pecuniae
1184 686 1273 724 causa

174 745 379 803 Romanorum
397 746 571 821 imperatori
587 742 783 821 prodidisset,
812 745 998 804 iracundiam
1022 770 1126 807 eorum
1148 752 1271 829 placuit.

174 846 306 909 namque
320 828 417 885 aiebat
429 826 640 907 pacificationis
655 848 725 907 ergo
740 830 829 887 illum
842 833 1000 905 remisisse,
1016 852 1077 891 non
1087 836 1272 911 prodidisse3

175 923 205 971 et
221 911 375 971 hominem
391 930 503 991 vagum
516 913 547 971 in
561 916 688 991 patriam
703 918 886 987 restituisse,
916 926 949 973 ut
968 937 1025 974 nec
1044 921 1109 995 ipse
1125 922 1200 979 alios
1214 942 1272 981 neo

174 998 274 1077 ipsum
292 999 355 1059 aliis
365 1008 624 1077 prosequerentur.
668 997 718 1056 hic
730 1002 833 1057 Errico
852 1002 928 1057 circa
942 1000 1153 1079 Adramytium
1167 1008 1270 1083 egenti

175 1101 257 1141 arma
272 1082 379 1157 infert,
410 1093 441 1141 et
460 1087 650 1163 inexpectato
672 1095 854 1163 superventu
874 1096 904 1142 et
922 1086 1114 1145 multitudiue
1135 1093 1269 1167 primum

174 1166 298 1247 quidem
314 1178 458 1225 terrorem
471 1170 593 1244 incutit,
616 1166 670 1227 sed
684 1172 802 1242 Errico,
833 1189 902 1228 cum
916 1174 1019 1229 Martis
1042 1173 1108 1229 alea
1126 1175 1270 1234 tentanda

175 1250 335 1327 videretur,
358 1266 427 1310 unte
443 1254 518 1312 alios
536 1265 566 1312 et
577 1274 633 1333 per
643 1253 776 1313 mediam
789 1252 920 1314 hostium
932 1259 1027 1314 aciem
1042 1276 1110 1314 ctnn
1122 1261 1183 1316 suis
1196 1280 1269 1337 per·-

174 1346 330 1415 rumpente
345 1335 522 1420 dissipatur:
543 1358 615 1399 nam
630 1342 735 1397 Graeci
756 1342 872 1420 equites
891 1340 930 1398 ad
949 1344 1078 1420 primam
1093 1345 1268 1403 Latinorum

173 1421 400 1499 impressionem
415 1433 444 1481 et
456 1420 611 1483 hastarum
632 1424 825 1484 directionem
840 1428 993 1485 concitatis
1008 1429 1093 1507 equis
1106 1430 1267 1507 fugientes,

172 1505 326 1583 pedestres
346 1506 465 1567 ordines
485 1506 621 1571 hostibus
641 1508 833 1570 trucidandos
844 1512 1028 1593 reliquerunt
1041 1524 1071 1571 et
1085 1514 1268 1593 spoliandos.

174 1608 214 1649 ex
227 1594 339 1652 Niceta.
381 1594 461 1652 Aac.

256 1697 287 1757 p·
310 1674 351 1740 14
372 1697 403 1735 v.
426 1680 457 1741 8.
502 1678 719 1759 Παφλαγονίας
744 1675 778 1741 δὲ
798 1675 917 1757 πάσης]
947 1680 1047 1739 David
1070 1681 1220 1763 siquidem
1238 1693 1269 1744 et

171 1760 301 1819 Alexius
311 1763 427 1837 fratres,
446 1763 585 1820 blanuele
596 1761 759 1821 Andronici
771 1768 891 1842 tyranni
904 1767 1107 1824 Romanorum
1120 1769 1181 1825 filio
1192 1772 1266 1842 nati,

172 1846 249 1904 alter
261 1849 349 1905 Ponti
363 1848 539 1904 Heracleam
560 1858 590 1904 et
606 1845 845 1925 Paphlagoniam
867 1862 1077 1927 occupaverat,
1100 1852 1175 1909 alter
1190 1854 1266 1909 Ale-
1343 1904 1346 1910 .

171 1932 243 1989 xius
261 1932 413 1989 0euaeum
430 1942 459 1989 et
473 1932 617 2010 Sinopem
630 1932 718 1989 urbes
733 1942 762 1989 et
774 1935 1006 2011 Trapezuntem.
1049 1934 1103 1992 sed
1115 1935 1265 2015 quomodo

173 2013 397 2093 expeditionem
417 2017 552 2077 Laccuris
579 2019 612 2073 in
635 2016 784 2074 Davidem
808 2020 983 2077 Latinorum
1008 2019 1130 2076 auxiliis
1153 2021 1264 2077 fultum

172 2102 335 2180 susceperit
359 2100 489 2182 eumque
511 2099 721 2178 debellaverit,
752 2100 849 2163 disces
873 2122 892 2160 a
912 2105 1016 2161 Nicata
1042 2106 1076 2161 in
1102 2104 1264 2163 Baldniuo.

171 2186 249 2244 Aut..

257 2288 288 2348 p.
306 2267 344 2332 15
362 2287 392 2327 v.
408 2274 440 2335 2.
474 2272 531 2332 cosi
553 2265 608 2349 pia
628 2268 661 2333 ds
679 2263 853 2350 Φλάντρας]
877 2281 963 2349 capta
986 2273 1087 2350 cpoli,
1118 2290 1187 2331 cnm
1207 2270 1265 2331 de-

172 2356 371 2434 signationem
393 2356 579 2436 imperatoris
601 2355 749 2434 suffragiis
770 2374 835 2413 esse
854 2355 1097 2415 committendam
1111 2356 1265 2416 decretum

173 2450 268 2515 esset,
296 2459 336 2499 ex
351 2441 472 2500 Francis
492 2451 521 2499 et
536 2441 740 2518 Longoburdis
761 2444 910 2521 quinque,
933 2444 985 2499 alii
1005 2463 1061 2502 sex
1083 2443 1201 2518 dicunt,
1224 2463 1266 2503 ex

172 2526 293 2584 Venetis
314 2525 440 2585 totidem
461 2527 545 2585 lectis
563 2525 728 2600 iudicibus,
750 2528 882 2607 plurium
899 2527 1048 2606 suffragiis
1063 2548 1126 2588 sors
1145 2531 1266 2608 imperii

170 2608 319 2669 Balduiuo
337 2611 495 2671 Flandriae
509 2614 611 2670 comiti
628 2611 748 2692 obtigit,
771 2610 853 2692 qnod
864 2614 999 2693 plerique
1015 2625 1119 2692 putant
1132 2613 1265 2673 Dandnli

170 2693 276 2754 fraude
294 2693 323 2754 e't
337 2699 457 2756 solertia
472 2699 585 2756 factum
598 2718 672 2774 esse,
695 2700 748 2779 qui
762 2718 832 2756 cum
845 2698 883 2756 ob
898 2702 1070 2757 caecitatem
1085 2696 1263 2756 excludere-

170 2787 229 2852 tur,
251 2783 411 2858 imperium
424 2801 517 2860 penes
532 2801 603 2839 eum
617 2803 682 2841 esse
695 2785 791 2842 voluit
806 2786 859 2862 qui
871 2781 1060 2840 hilarioribus
1074 2794 1152 2840 esset
1166 2783 1262 2839 mori·

169 2863 227 2922 bus
250 2874 280 2920 et
299 2866 421 2940 ingenio
442 2869 542 2925 minus
565 2867 738 2925 ambitioso:
767 2865 821 2924 sed
837 2866 918 2944 quod
931 2868 1119 2943 potissimum
1134 2867 1206 2939 fnit,
1227 2874 1264 2925 ut

170 2948 303 3027 privatus
325 2949 510 3024 imperatoris
543 2946 689 3027 designati
713 2953 897 3028 principatus
926 2969 1017 3027 quam
1044 2953 1261 3010 remotissimus

170 3041 249 3090 esset
263 3052 281 3089 e
293 3034 471 3090 Venetorum
486 3031 619 3106 dicione,
640 3053 679 3091 ne
700 3037 727 3092 si
747 3053 805 3113 qua
822 3037 1021 3092 controversia
1036 3053 1104 3092 cum
1116 3037 1169 3093 illo
1183 3038 1262 3094 inci·

172 3115 281 3191 disset,
310 3117 411 3196 plnres
423 3119 522 3195 copias
539 3117 636 3175 subito
652 3137 692 3176 ex
707 3137 761 3176 sno
773 3119 919 3176 territorio
934 3138 1081 3178 arcessere
1094 3130 1146 3178 ant
1161 3122 1261 3178 Vene-

170 3211 218 3260 tos
233 3201 306 3260 fines
321 3200 474 3261 commode
489 3199 630 3260 invadere
644 3214 695 3260 aut
709 3204 927 3262 incursionibus
939 3224 1048 3262 vexare
1061 3215 1170 3284 posset,
1183 3223 1260 3283 qnae

172 3291 271 3344 ormiia
282 3291 313 3345 iu
329 3286 468 3366 expedito
482 3305 546 3344 esse
559 3287 713 3346 Boniiucio
721 3286 886 3346 biarchioni
898 3309 937 3345 ex
944 3289 1153 3367 Longobardia
1164 3300 1259 3347 notat.

170 3367 219 3429 his
234 3371 390 3432 Dandulus
406 3371 594 3430 Bonifaciutn
606 3371 810 3432 Marchionem
826 3374 953 3450 repulit,
975 3373 1156 3432 Balduinum
1170 3394 1260 3452 prae-

170 3457 249 3531 tulit,
262 3460 345 3516 cuius
355 3457 475 3516 ditionis
486 3459 596 3516 limites
608 3467 725 3517 tuntum
736 3460 882 3516 eVenetis
895 3457 1003 3517 distare
1015 3469 1147 3534 noverat,
1161 3477 1260 3539 qnan-

170 3549 235 3599 tum
250 3543 390 3600 Veuetiae
406 3545 616 3600 aGraecorum
636 3545 797 3621 provinciis
816 3541 1100 3601 disterminarentnr.
1143 3547 1260 3622 pactio·

91 3663 92 3666 η
169 3643 223 3682 nes
244 3627 394 3684 intereos
417 3628 505 3686 initas
525 3631 713 3686 Innocentius
732 3647 794 3685 non
817 3647 921 3686 omnes
940 3626 1090 3702 laudavit,
1112 3627 1258 3708 quasdam

171 3713 261 3768 etiam
277 3711 454 3790 reprobavit.
498 3710 566 3770 vide
586 3731 704 3792 quoque
724 3713 888 3792 Gregoram
906 3714 959 3770 lib.
977 3715 1005 3775 l.
1048 3712 1134 3786 hinc,
1155 3715 1258 3784 lector,

170 3813 313 3873 agnosces
325 3813 416 3875 quam
426 3797 538 3856 insulse
550 3801 727 3856 recentiores
738 3809 767 3855 et
774 3799 869 3855 infimi
880 3801 1009 3857 nominis
1020 3801 1186 3876 scriptores,
1194 3799 1258 3854 Ito-

169 3878 290 3939 rotheus
303 3881 567 3942 Monembasieusis
583 3893 612 3940 et
624 3881 792 3940 Matthaeus
806 3885 918 3960 (ligula,
942 3880 1071 3955 Venetis,
1092 3885 1171 3938 inter
1184 3899 1259 3959 quos

169 3984 313 4044 synopses
333 3985 402 4024 suas
421 3963 612 4026 historiarum
636 3971 766 4046 pessime
791 3971 1004 4024 concinnerunt
1033 3975 1063 4023 et
1091 3964 1258 4039 ediderunt,

169 4053 438 4128 supparasitentnr,
469 4054 521 4130 qui
541 4053 673 4112 scribunt
688 4055 817 4112 Venetos
836 4053 996 4130 imperium
1007 4051 1196 4128 cpolitanum
1211 4060 1259 4107 te-

169 4137 282 4210 nuisse,
305 4131 444 4214 λαβόντες
458 4133 515 4215 τήν
531 4139 684 4215 βασιλείαν
697 4137 729 4199 oi
738 4135 889 4199 Βενὲτικοι
902 4139 956 4212 τῆς
972 4130 1260 4197 Κωνστανηνουπό-

168 4223 258 4294 leue,
288 4230 316 4277 et
332 4218 413 4299 quod
427 4221 569 4280 insulsius
582 4232 641 4296 est,
663 4243 717 4301 per
729 4241 821 4279 annos
835 4223 1050 4300 quinquaginta
1066 4238 1122 4278 sex
1138 4220 1204 4291 rel,
1226 4230 1260 4278 ut

169 4302 299 4377 tradunt,
320 4305 476 4382 sexaginta
490 4318 520 4363 et
531 4325 649 4367 meuses
663 4317 739 4382 octo,
762 4303 872 4366 additia
883 4309 973 4364 etiam
989 4303 1094 4366 diebus
1105 4303 1259 4379 tredecim,

211 4395 308 4466 Gcotg.
331 4397 451 4468 Acrcpci.
472 4396 568 4450 Annas
843 4413 847 4418 ’
1014 4391 1055 4453 15

1433 353 1491 478 s
