3100 4850
277 298 352 369 tto
675 292 722 361 IN
747 291 981 362 umaulun·

278 464 335 522 tim
347 460 477 540 fugisset
498 458 623 519 Latinos
633 476 745 537 magne
757 455 851 517 caede
863 456 944 517 fecta
956 457 1064 517 urbem
1074 456 1231 517 inruisse.
1263 459 1377 537 postri-

279 546 328 607 die
350 544 528 604 Munuflnn
550 546 660 603 iterum
681 554 900 623 repugnantem
919 543 1032 602 rictum
1053 560 1137 615 esse3
1167 552 1233 600 tum
1252 545 1376 622 plenam

279 632 436 692 victoriam
456 630 573 689 Latinis
592 630 753 708 obtigisse,
775 639 807 687 et
819 628 1071 688 inaestimabilem
1082 624 1225 707 praedem
1239 630 1375 687 abactam

278 734 426 797 equorum
440 716 504 774 auri
518 716 635 794 argenti
648 732 839 793 gemmarum
850 722 882 772 et
894 715 1094 792 pretiosarum
1106 714 1245 772 vestium.
1286 714 1314 771 si
1324 715 1374 771 in·

279 814 323 860 ter
348 798 485 879 edegtslos
506 796 643 881 (iuquit)
666 800 823 859 victorinus
840 800 1035 877 paruissem,
1067 796 1193 878 quistet
1211 818 1247 855 ex
1266 800 1375 857 meurs

279 906 339 945 non
344 887 505 964 pmwsoree
517 905 611 964 quam
625 894 744 943 nemum
757 882 870 943 obsedit
880 894 908 941 et
921 885 1004 943 νίοἰι.
1048 880 1134 941 nobis
1144 902 1206 941 nou
1219 885 1375 941 veterum

278 990 473 1049 narsrpamua:
494 990 516 1027 a
537 969 656 1028 domuc
674 968 853 1049 estfactum
866 968 962 1042 ianm
982 978 1012 1026 et
1025 978 1068 1027 est
1082 966 1220 1027 mimine
1234 969 1268 1025 irs
1280 968 1376 1026 nodis

278 1058 396 1114 noenia
442 1052 527 1113 addit
541 1058 658 1114 acartis
672 1053 796 1113 delectis
809 1051 859 1112 die
872 1052 1021 1113 dominica
1031 1052 1249 1112 mirmbcrdr'oe
1260 1052 1374 1111 domim

276 1142 488 1221 imperatorem
505 1141 634 1198 electum
649 1159 725 1215 esse,
747 1141 944 1221 sequentique
959 1136 1109 1198 dominice
1120 1136 1245 1196 undae
1257 1134 1311 1197 deo
1322 1139 1373 1195 in-

276 1228 360 1305 genti
378 1226 515 1284 omnium
537 1226 685 1305 applausu
711 1225 916 1283 sublimatum.
960 1223 1075 1283 ibidem
1099 1220 1158 1282 hoc
1181 1223 1269 1283 titulo
1289 1244 1372 1297 usus,

277 1310 455 1369 Balantum
475 1310 525 1368 dei
540 1312 645 1389 gratiis
655 1308 857 1385 fidelissimus
874 1311 1035 1387 inperator
1055 1307 1251 1387 (politorum,
1276 1330 1299 1365 a
1318 1308 1373 1367 deo

277 1406 449 1466 commuta,
470 1394 641 1453 &mansne
661 1396 724 1475 (ita
735 1392 817 1474 apud
827 1393 997 1454 Aeacidum
1008 1402 1054 1453 est
1066 1390 1250 1473 legendnm)
1270 1394 1372 1452 uro&

275 1490 359 1539 rator
370 1489 401 1536 et
411 1498 526 1556 semper
537 1477 715 1559 Augustus,
735 1480 932 1537 Funnensn
947 1490 975 1536 et
987 1480 1244 1557 Hennrgooiensr'e
1262 1498 1368 1537 comen

275 1562 330 1623 has
354 1564 496 1642 epistolas
517 1564 618 1641 legere
638 1564 751 1623 volenti
771 1567 805 1623 in
822 1562 936 1622 mundo
957 1575 1003 1623 est
1020 1563 1171 1623 Arnoldus
1189 1563 1371 1623 Lubeoeusis

276 1649 379 1725 abbas,
401 1650 589 1707 continuator
602 1647 757 1709 Helmoldi
768 1649 946 1709 Sclavorum
957 1645 1185 1729 chronographi,
1205 1650 1271 1726 ipso
1284 1648 1339 1706 lib.
1350 1651 1371 1711 6

271 1734 343 1792 fine.
384 1734 467 1813 prior
488 1736 632 1815 inscripta
651 1744 697 1794 est
716 1734 958 1793 mellentensium
971 1735 1037 1792 Du.
1061 1733 1185 1804 Othoni,
1206 1734 1255 1791 de·
1263 1736 1371 1811 genten

272 1820 482 1879 Romatsorum
504 1820 569 1898 regi
588 1830 617 1877 et
637 1840 753 1898 semper
772 1818 931 1896 Augusto,
951 1820 1097 1899 posterior
1111 1818 1280 1877 inscribitur
1295 1820 1370 1875 nni·

272 1907 366 1964 uersis
392 1902 504 1962 Christi
518 1902 685 1979 fidelibus,
704 1904 953 1983 archepiscopum,
973 1905 1118 1983 eptempre
1142 1913 1171 1960 et
1193 1900 1369 1974 menam,

249 1987 466 2069 primatus,
489 1992 683 2068 praepositis,
710 1990 853 2060 demeres
867 1992 1048 2069 eaeterisque
1068 1988 1258 2047 caelestum
1272 2008 1368 2067 prrae-

272 2075 344 2133 latis
365 2074 627 2154 eoclnnaacnque
644 2078 795 2153 personae,
821 2073 996 2144 homnibus,
1022 2072 1182 2143 usilits'bue,
1208 2075 1370 2132 mns'autie

272 2160 413 2239 omncqree
429 2160 546 2237 populo
571 2160 750 2219 chrisme.
796 2169 887 2240 atqua
907 2158 1015 2217 eadem
1034 2158 1110 2218 haec
1130 2169 1369 2236 repraesentatur

273 2245 365 2303 etiam
387 2247 420 2303 in
439 2246 606 2304 Annalibus
623 2242 781 2305 Godofridi
798 2240 955 2319 monachi,
976 2264 1032 2302 ceu
1046 2246 1137 2303 misse
1150 2239 1260 2303 Adoii'o
1276 2244 1367 2303 (iolc-

272 2330 371 2388 niensi
382 2326 616 2410 archiepiscopo.
659 2332 814 2389 conferant
827 2331 935 2411 quibus
948 2332 1043 2389 ctisnn
1056 2341 1086 2388 et
1096 2325 1199 2386 lubido
1213 2338 1274 2400 est,
1295 2348 1366 2386 mu-

271 2423 384 2494 tuaque
415 2433 506 2493 opera
531 2435 599 2474 eam
628 2418 795 2475 restituunt.
838 2416 949 2494 legitur
968 2413 1081 2473 ibidem
1101 2424 1131 2473 et
1151 2413 1211 2472 alia
1228 2414 1367 2492 epistola,

291 2515 364 2557 uem
384 2499 531 2559 Heuricus
561 2499 635 2582 (qui
656 2501 723 2560 eliis
746 2498 854 2578 lingo)
884 2501 987 2560 Sancti
1006 2501 1093 2559 Pauli
1115 2519 1216 2557 onmes
1236 2501 1365 2558 ilenrico

270 2516 339 2642 duci
354 2579 392 2640 de
404 2585 550 2658 Lemnio,
572 2583 605 2641 id
618 2596 663 2644 est
674 2584 863 2658 Brabantiae,
884 2587 978 2644 misit.
1020 2604 1112 2665 qnam
1125 2583 1212 2656 ride3
1235 2594 1265 2643 et
1278 2585 1366 2664 plura

268 2669 295 2727 si
315 2667 415 2742 voles,
443 2665 553 2726 adhibe
574 2667 764 2727 Guutherum
783 2668 966 2729 monachum
984 2671 1119 2728 coenobii
1136 2669 1311 2728 parisiensis
1331 2671 1365 2728 iu

208 2758 213 2766 '
267 2753 399 2829 Alsatia,
422 2755 476 2834 qni
490 2749 648 2812 historiam
663 2751 741 2812 hene
756 2765 861 2834 ceptae
877 2756 1004 2834 cpoleos
1020 2775 1060 2813 ex
1073 2775 1124 2813 ore
1136 2755 1256 2812 Martini
1270 2754 1363 2812 abba·
1428 2763 1436 2776 ’

267 2840 306 2897 tis
325 2841 389 2914 sui,
411 2839 464 2920 qni
485 2841 702 2919 expugnationi
726 2849 756 2898 et
777 2841 919 2898 victorine
938 2841 1089 2916 interfuit,
1113 2841 1180 2898 fuse
1198 2837 1363 2918 descripsit,

267 2921 380 2982 editam
398 2933 495 3003 uup'er
514 2943 555 2983 ex
574 2927 756 2984 membranis
770 2925 808 2983 ab
820 2927 948 2983 ilenrico
962 2926 1080 2984 (lanitio
1093 2926 1276 3003 Noviomago
1289 2927 1316 2983 1.
1328 2924 1364 2984 0.

267 3009 418 3088 Antiquae
431 3008 567 3068 lectionis
581 3021 664 3069 tomo
678 3011 697 3075 5
715 3021 792 3090 pert.
807 3014 839 3074 2.
881 3011 1005 3070 Dones.

352 3110 383 3171 p·
405 3093 426 3154 6
450 3111 479 3150 t·
498 3095 530 3158 9.
573 3091 677 3176 φυγήν
703 3118 735 3159 τε
762 3089 1031 3176 μηχανησάμενος]
1059 3094 1186 3153 Alexius
1213 3091 1363 3152 obcaecati

266 3177 373 3234 haaoii
385 3175 464 3234 tilius
478 3177 516 3234 ab
531 3179 641 3238 Alexio
654 3190 760 3260 patruo
774 3200 792 3239 a
805 3179 939 3239 custodia
955 3179 1097 3252 eduense,
1118 3179 1255 3238 libertate
1272 3187 1302 3236 et
1318 3177 1360 3235 ti-

267 3263 365 3319 centia
378 3271 476 3336 utens,
498 3261 646 3344 quidquid
659 3265 745 3323 aliter
757 3276 857 3326 narret
866 3263 1001 3324 Blandus
1009 3261 1121 3322 Decad.
1133 3268 1155 3328 2
1166 3263 1220 3320 lib.
1233 3267 1264 3338 2,
1284 3263 1360 3322 Ale·

264 3347 353 3403 xium
374 3355 474 3404 contra
495 3357 738 3426 protostratorem
756 3354 908 3410 exiturum
922 3348 962 3408 ad
975 3349 1359 3428 Democraniemsequitur.

264 3430 307 3503 is,
327 3449 385 3488 nso
402 3431 551 3490 abnuente
569 3445 693 3512 patruo,
716 3455 785 3494 cum
805 3437 914 3495 Pisano
936 3433 1066 3515 quodem
1086 3431 1124 3492 de
1142 3433 1214 3510 suge
1234 3433 1358 3492 consilio

263 3515 356 3589 inito,
384 3514 437 3572 ubi
462 3518 626 3596 navigandi
647 3523 899 3600 opportunitatem
920 3529 1082 3599 captasset,
1111 3515 1151 3581 ad
1172 3518 1359 3598 Hellesponti

261 3599 425 3658 Aulouiam
446 3600 556 3678 fertur,
581 3616 610 3662 et
628 3603 761 3684 Athyrae
784 3624 971 3665 cormnoraus
993 3624 1047 3684 per
1064 3600 1207 3683 scapham
1220 3606 1306 3662 navis
1319 3599 1359 3661 ad

261 3702 371 3743 navem
385 3683 530 3764 grandem
542 3686 724 3767 pervehitur.
757 3701 880 3750 conatus
894 3693 926 3748 in
939 3711 974 3748 eo
988 3685 1133 3768 capiendo
1145 3689 1247 3747 Alexii
1259 3690 1357 3768 patrui
1378 3732 1382 3738 ·

261 3767 371 3828 frustra
384 3789 489 3830 omnes
500 3773 603 3832 fuere:
624 3795 696 3832 uam
709 3777 762 3834 ille
778 3795 863 3834 coma
875 3776 907 3832 iu
920 3776 1023 3833 orbem
1036 3793 1103 3833 rasa
1112 3783 1142 3832 et
1152 3775 1260 3831 Latina
1272 3783 1357 3831 veste

260 3851 383 3929 induta,
406 3857 480 3914 etin
494 3859 581 3916 turba
592 3879 704 3938 magne
723 3862 900 3935 obversam,
921 3861 1112 3940 inquisitores
1132 3859 1230 3916 latuit.
1274 3855 1358 3921 cbo·

259 3938 341 3996 niatu
365 3943 396 3997 in
415 3941 526 4000 Alexio
547 3945 700 4003 Conmeno
721 3947 775 4003 lib.
798 3951 818 4011 8
841 3965 872 4024 p.
892 3945 955 4010 710
978 3950 1029 4009 12.
1070 3944 1174 4003 Alexii
1198 3945 1232 4000 iu
1254 3953 1358 4002 custo·

259 4018 369 4082 diendo
392 4028 505 4085 isaacio
529 4027 620 4087 fratre
642 4040 802 4089 excaecato
823 4029 1041 4109 negligentiam
1059 4047 1120 4088 nou
1138 4031 1204 4088 sine
1220 4027 1356 4106 periculo

257 4114 350 4163 notat.
393 4108 467 4188 quid
495 4131 565 4189 ergo
593 4123 724 4192 nugatur
747 4115 883 4174 Blondns
908 4117 1020 4174 Histoe.
1044 4111 1149 4172 decad.
1169 4115 1190 4176 2
1207 4113 1286 4172 libro
1309 4109 1356 4178 6i

253 4189 349 4260 frater
361 4204 426 4250 eret
437 4193 580 4268 Alexiroe,
600 4211 696 4256 aetate
711 4201 821 4270 nsinor,
846 4220 917 4257 cum
930 4221 990 4280 quo
1006 4199 1264 4279 undgmisaimo
1277 4217 1356 4278 oge-

258 4269 317 4342 ἠδ
338 4275 412 4333 adeo
433 4289 468 4334 ut
484 4280 564 4338 nutu
580 4281 640 4340 etot
659 4283 704 4343 cd
715 4305 865 4345 sumniam
879 4285 1149 4347 admunuaannis
1153 4294 1276 4362 praeter
1289 4285 1353 4342 im-
