3100 4850
275 346 351 423 tlt
675 348 720 415 nt
746 346 976 416 GEORGIUM

276 517 360 577 mani
374 515 487 575 mentio
501 512 584 573 fieret
601 522 631 571 et
645 514 794 573 muueris
805 512 969 586 coleretur,
990 508 1147 586 diutuma,
1168 518 1203 567 nt
1216 519 1247 585 et
1259 508 1298 568 de
1312 512 1377 589 pri-

276 612 361 660 matu
383 600 442 681 (de
458 619 518 682 quo
533 602 595 659 iarn
608 596 781 678 diximus),
803 599 954 657 contentio
968 597 1027 655 tuit
1039 599 1119 655 inter
1139 596 1298 655 ecclesiam
1312 599 1376 653 lio·

276 704 399 743 menam
421 694 451 743 et
469 684 676 763 cpolitanam,
699 680 878 763 duravitque
893 701 931 741 ea
942 680 982 739 ad
996 692 1133 761 tempora
1143 677 1301 739 Michaelis
1314 684 1375 739 Pa·
1429 678 1433 683 ’

276 771 423 849 laeologi,
446 769 501 827 sub
516 788 576 851 qno
591 770 755 849 composite
768 769 967 829 controversia
980 768 1033 825 illa
1044 769 1206 847 unitaeque
1221 766 1375 841 ecclesiae,

277 858 334 914 etsi
358 873 456 934 neque
479 856 538 913 ista
555 854 627 913 unio
645 854 857 933 perseverarit.
899 850 976 910 haec
990 853 1048 911 tria
1062 861 1128 909 tum
1138 851 1374 930 paciscebantur,

273 942 422 1019 primunt
437 958 454 997 a
470 938 634 1019 cpolitanis
656 940 688 995 in
707 936 882 1018 hymoodiis
897 956 993 1017 papae
1008 939 1142 996 Romani
1151 956 1221 995 cum
1235 946 1374 1017 quattuor

274 1020 451 1105 patriarchis
467 1025 581 1083 mentio
598 1022 699 1099 fieret,
720 1019 852 1082 eeurndo
869 1032 902 1080 ut
918 1023 1020 1080 liceret
1036 1024 1131 1080 cnivis
1145 1023 1273 1079 Romam
1288 1031 1373 1079 vete-

276 1130 340 1167 rem
354 1118 497 1189 tanquam
512 1108 609 1166 maius
624 1107 756 1165 tribunal
772 1126 949 1186 provocare,
976 1107 1065 1165 tertio
1079 1114 1113 1164 ut
1126 1125 1223 1186 papae
1237 1108 1374 1165 Romano

275 1195 308 1252 in
327 1194 466 1252 omnibus
484 1190 649 1251 deferretur
663 1192 858 1271 principatus.
901 1201 1037 1251 auctores
1055 1188 1239 1270 Nicephorus
1258 1192 1374 1271 Grego-

277 1298 325 1337 ras
342 1280 453 1339 Histor.
469 1279 595 1357 Byzant.
608 1276 662 1335 lib.
676 1278 714 1351 5,
736 1276 883 1355 Georgius
901 1274 1038 1335 Phruuza
1057 1274 1198 1335 Chronici
1214 1278 1374 1336 Orientalis

276 1363 329 1425 lib.
348 1367 364 1426 l
385 1381 451 1442 cap.
466 1364 503 1436 6,
527 1362 674 1439 Georgius
694 1358 910 1441 Pachymerius
923 1364 964 1430 in
980 1363 1139 1441 Excerptis
1157 1363 1268 1420 llistor.
1284 1362 1328 1419 lib
1342 1362 1372 1436 6,

277 1448 398 1527 aliique.
441 1444 570 1505 sednon
584 1456 846 1525 steterantpostea
861 1443 920 1504 hoc
932 1457 1019 1525 puato
1034 1447 1156 1521 Graeci,
1178 1454 1208 1505 et
1223 1446 1373 1525 pontidcis

274 1532 452 1590 memoriam
466 1527 620 1608 dedignati
635 1540 724 1589 eunt:
746 1528 858 1589 idcirco
875 1540 979 1589 mouet
991 1532 1187 1610 Palaeologos
1200 1532 1233 1589 iu
1245 1533 1372 1611 epistola

276 1614 437 1674 cardinalis
448 1616 617 1689 Bessan-ion,
638 1614 830 1695 inculcatque
840 1610 873 1677 ed
886 1610 1082 1695 μνημόσυνον
1095 1619 1152 1679 τοῦ
1162 1609 1259 1679 πάντα.
1301 1615 1371 1675 vide

275 1698 512 1759 eruditissimum
527 1700 691 1757 Menenium
703 1702 736 1757 in
750 1701 902 1759 Glossaric
913 1720 987 1759 voce
1002 1695 1199 1781 πατριάρχης,
1221 1710 1251 1759 et
1265 1701 1297 1757 in
1311 1720 1370 1760 nc-

274 1788 314 1845 tis
334 1782 373 1843 ad
396 1784 553 1863 epistolam
576 1784 663 1843 illurn
682 1786 869 1845 Bessariouie
886 1786 1201 1860 Graeco-barbaram,
1222 1804 1280 1843 nne
1299 1804 1371 1845 cum

273 1870 398 1928 illtutris
417 1866 561 1949 Hesychii
582 1870 735 1948 opusculis
754 1890 852 1950 nuper
870 1868 984 1929 editam
999 1880 1030 1929 et
1047 1868 1218 1931 doctissime
1232 1868 1369 1950 explica-

271 1964 345 2013 tum.
387 1956 511 2014 Docsn.

358 2109 389 2168 p·
411 2092 451 2155 33
473 2108 502 2151 r.
522 2090 554 2153 9.
598 2087 636 2149 de
656 2087 812 2150 monachis
834 2100 864 2149 et
884 2086 1124 2150 hieromonachis
1147 2086 1285 2149 ditincte
1306 2091 1371 2151 suis

273 2174 348 2233 locis
361 2174 478 2237 notarit¹
490 2173 664 2234 edecumeta
681 2174 831 2256 quaedem
842 2172 925 2235 idem
939 2173 1129 2235 doctissimus
1141 2177 1255 2235 amictu
1267 2186 1369 2235 noster

272 2261 304 2316 in
320 2260 481 2318 Glossario.
523 2258 592 2319 vide
605 2260 637 2319 in
653 2254 849 2344 ἱερομόναχος
861 2271 892 2319 et
903 2256 1040 2341 μοναχὸς.
1081 2262 1205 2321 Dones.

356 2391 397 2452 it.
415 2412 446 2452 v.
462 2394 513 2456 16.
555 2386 665 2458 rodano
685 2390 720 2457 di
739 2387 985 2476 τελευτήσαντος]
1006 2395 1135 2454 ilenrico
1155 2393 1288 2454 succedit
1305 2396 1367 2454 Ro-

272 2477 390 2554 bertns,
412 2477 532 2536 rirncn
544 2476 619 2539 edeo
630 2480 716 2540 fortis
731 2491 760 2539 et
772 2481 848 2540 acris
862 2489 892 2539 et
902 2482 1007 2559 magui
1020 2483 1114 2540 enimi
1126 2479 1201 2541 dux.
1230 2479 1367 2562 Ephrae-
1450 2551 1455 2558 Ι

271 2563 350 2620 mins
367 2564 399 2620 in
417 2559 564 2622 Chronico

433 2656 550 2726 roriston
562 2655 701 2744 κατᾶρχιι
710 2661 886 2746 Ῥομιιὲρτος
897 2663 1089 2744 Βοῖονὶίδος,

432 2741 586 2830 πράγμασι
601 2753 716 2822 κοινοῖς
732 2753 873 2830 μαλακῶς
885 2750 1067 2832 κεχρημένος

431 2827 497 2906 μετ’
509 2825 618 2916 Ἐρρῆν
632 2827 820 2915 κατάρξαντα
835 2832 889 2900 τὸν
903 2827 1077 2918 τεθνηκότα

430 2911 544 3000 ’Λρεῖον
559 2913 657 3002 ἄνδρα
667 2918 720 2983 καὶ
732 2911 815 2983 πάνυ
830 2917 996 3003 ῥωμαλέον.
1037 2918 1115 2979 Asa.

354 3045 397 3105 ib·
441 3046 461 3112 t
486 3045 620 3131 ἀδελφός
645 3047 743 3116 αὐτοῦ
760 3049 954 3135 Ῥομιτὲριος]
985 3052 1067 3134 qnod
1093 3064 1195 3114 auctor
1219 3051 1269 3112 hie
1292 3052 1364 3114 dicit

271 3130 436 3192 liobertum
455 3137 576 3194 Henrici
596 3137 719 3196 fratrent
735 3139 844 3215 fuisse,
867 3138 900 3198 id
913 3159 985 3200 vero
997 3141 1192 3200 tennstmum
1205 3151 1259 3202 est.
1300 3143 1363 3197 imo

268 3237 363 3296 nepos
377 3219 435 3276 fuit
449 3238 489 3276 ex
502 3221 619 3280 Iolanta
632 3224 695 3281 sive
707 3222 906 3299 Yolanthide,
930 3245 1030 3283 sorore
1042 3227 1137 3303 ipsius
1158 3224 1271 3304 (filiam
1285 3243 1362 3304 quc·

269 3321 328 3382 que
343 3322 500 3382 perperam
512 3315 599 3364 vocat
615 3310 659 3365 Io.
672 3309 808 3387 Baptista
825 3311 972 3388 Egnatius
985 3319 1014 3367 et
1028 3309 1248 3389 cuspinianus)
1270 3320 1362 3388 nupta

267 3387 356 3443 Petro
374 3389 536 3448 Cortenaec
548 3393 650 3450 comiti
663 3395 818 3454 Auxerrae
832 3397 896 3453 sive
909 3391 1162 3469 Antisicdurensi,
1185 3397 1238 3475 qui
1252 3405 1282 3452 et
1298 3398 1363 3474 ipse

267 3471 429 3548 imperator
440 3473 499 3531 fuit
513 3485 543 3532 et
558 3477 606 3534 cui
618 3480 760 3537 tuccessit
773 3479 929 3541 liebertus.
972 3478 1056 3538 allud
1071 3482 1132 3559 egit
1144 3483 1247 3561 itaque
1260 3483 1361 3558 chc-

266 3551 365 3630 theta,
387 3559 414 3615 ei
429 3559 471 3615 ita
488 3562 617 3638 scripsit.
658 3581 731 3620 nam
746 3583 836 3642 supra
849 3562 968 3624 disertis
982 3565 1081 3623 verbis
1094 3563 1172 3623 dixit
1186 3568 1309 3624 Petrum
1321 3584 1362 3623 ex

267 3642 383 3699 Iolanta
401 3639 542 3700 Balduiui
562 3665 662 3703 sorore
682 3666 863 3726 propagasse
880 3647 1057 3728 Philippum
1069 3651 1233 3709 liebertum
1246 3659 1277 3708 et
1288 3650 1363 3708 Bel·

267 3721 409 3800 duinum,
430 3726 653 3809 Robertumque
667 3749 703 3790 ac
718 3731 901 3792 Balduinum
915 3737 975 3812 ipsi
987 3735 1020 3791 in
1032 3735 1160 3814 irnperio
1173 3738 1361 3810 successisse,

266 3809 390 3870 cedente
411 3813 488 3872 ultro
508 3811 648 3894 Philippo
668 3819 804 3877 munao
822 3829 906 3876 netu.
949 3819 1097 3877 aberravit
1115 3822 1209 3899 igitur
1227 3817 1277 3878 hic
1295 3823 1361 3879 eius

266 3913 371 3970 mens,
393 3915 433 3954 en
451 3897 582 3958 manuel
624 3901 684 3959 nisi
707 3901 795 3981 culpe
817 3901 892 3962 haec
913 3903 1074 3962 reiioieuda
1095 3907 1134 3963 sit
1154 3907 1188 3962 iu
1205 3904 1361 3980 librarios3

266 3974 304 4036 de
320 3997 381 4058 quo
395 3999 445 4039 me
460 3985 573 4044 amicus
587 4003 673 4045 meus
686 4005 837 4063 summus,
860 3990 1045 4068 antiquitatis
1056 3987 1252 4048 illustrandae
1265 4001 1296 4049 et
1308 3987 1362 4047 hi-

266 4067 375 4122 storiae
392 4065 589 4128 vindicandae
602 4067 856 4148 surdiosissimus,
876 4075 983 4133 Petrus
997 4075 1162 4134 Scriverius
1175 4077 1360 4149 submonuit,

263 4163 373 4224 nempe
390 4147 440 4208 hic
456 4153 676 4218 scribendumd
690 4149 875 4235 ἆδελφιδοῦς
887 4151 998 4236 αὐτοῦ,
1018 4157 1052 4218 id
1069 4169 1115 4218 est
1127 4177 1222 4239 nepos
1239 4180 1280 4218 ex
1295 4161 1361 4218 frn-

265 4241 308 4286 tre
330 4233 380 4289 rel
400 4253 515 4312 sorore,
538 4241 587 4297 vel
601 4241 678 4300 forte
692 4239 712 4304 d
726 4235 914 4320 ἀδελφόπαις
925 4263 980 4323 pru
995 4243 1114 4302 ecdem.
1155 4243 1227 4303 vide
1246 4247 1360 4304 Eusta-

262 4311 361 4374 thium
375 4318 529 4380 Pollucem
546 4325 680 4409 aliosque
693 4325 935 4409 lexicographos.
977 4329 1190 4390 Constantinus
1205 4333 1360 4390 Manassen
