3100 4850
496 354 796 437 ACROPOLITAM
820 356 972 423 notit.
1203 355 1280 427 239

184 516 382 580 batBlondus
396 516 434 579 de
449 522 541 598 gestis
555 522 746 593 Venetonim.
791 521 921 579 Ioanries
937 538 1021 579 nuno
1040 521 1201 599 inperator
1218 520 1278 579 Ve-

186 608 261 662 netis
274 607 465 683 promiserat,
489 606 517 663 si
534 602 574 663 ab
593 609 634 663 eis
652 606 706 683 qui
725 626 746 661 a
767 606 855 683 cpoli
868 606 1040 663 detuleram
1053 626 1123 665 oum
1139 604 1240 664 habito
1256 627 1279 665 a

183 692 326 768 pontifice
348 692 477 747 ιιιιιίιιι
501 690 619 767 Cpolim
638 691 855 767 deportaretur,
875 690 1083 767 Βχιιαιίιὰιιιι
1100 694 1141 750 eis
1155 712 1278 770 reeupe-

185 796 265 845 rare,
287 796 379 853 qimm
392 773 496 833 ιιιῖιιιιι
513 775 681 837 Theodorus
691 776 829 853 Epirotes
830 776 923 854 furto
933 774 1073 854 dolisque
1081 778 1278 854 ιιιιτὶριιιιιιι.
1321 824 1326 840 ,

184 860 386 919 debellaturus
406 871 508 917 autem
526 860 734 938 Dyrrachium
755 859 1007 938 imperatorium
1028 861 1124 919 lolem
1147 882 1281 933 morem,

184 947 255 1005 uide
274 944 459 1002 cardinalem
477 944 656 1005 Columnam
677 944 1063 1024 mauritaniensem,
1082 946 1282 1026 inchoatisque

185 1042 229 1089 est
251 1028 378 1103 obsidio,
408 1041 436 1087 et
454 1034 691 1111 oppugnationes
705 1052 764 1111 per
783 1032 846 1089 dies
857 1032 929 1110 sere
948 1030 1087 1109 singulos
1105 1034 1279 1092 intentatae.

184 1117 238 1175 red
260 1113 363 1173 urbem
383 1118 591 1188 veterinum,
620 1138 712 1197 quem
741 1118 870 1177 Venetus
893 1118 1101 1187 mauman,
1133 1121 1283 1177 muriitam

192 1200 360 1260 Theodorus
384 1200 478 1259 indite
505 1201 666 1261 abundans
690 1224 726 1260 es
744 1203 840 1282 Epiro
857 1201 952 1276 fideli
965 1201 1068 1280 saoiie
1088 1200 1281 1279 defensabat,

184 1286 259 1345 adeo
277 1297 312 1343 ut
330 1288 490 1365 imperator
506 1290 602 1365 potiri
620 1288 782 1367 desperans
805 1288 864 1346 sibi
888 1288 1070 1346 mnsauserit
1091 1284 1278 1347 abeundum.

185 1381 215 1428 et
230 1372 303 1449 quia
324 1372 554 1431 mediterraneas
568 1374 767 1432 Macedoniae
779 1373 867 1432 urbes
879 1373 1029 1431 innuendi
1043 1372 1185 1432 ‹laidet-io
1197 1382 1282 1429 tene·

185 1468 279 1527 retur,
295 1458 424 1535 petitam
442 1459 519 1515 inter
536 1458 711 1519 solvendum
732 1457 914 1518 obsidionem
934 1479 955 1517 a
974 1458 1207 1531 Theodorofldei
1214 1478 1280 1535 pu-

186 1540 281 1599 bircae
303 1545 489 1601 securitatem
510 1545 636 1622 aceepit.
681 1544 846 1603 secundum
866 1564 960 1622 quam
979 1548 1095 1623 scripto
1103 1542 1163 1601 siin
1175 1542 1281 1603 datam

183 1626 229 1685 ad
242 1626 356 1685 Arene
375 1630 475 1687 amnis
488 1640 611 1706 portum
626 1632 823 1688 extensionem
839 1632 872 1687 in
886 1630 1086 1688 Macedoniae
1098 1629 1200 1687 ὶὶιιοιιι
1209 1630 1282 1728 pri-

184 1732 267 1771 mom
275 1713 365 1792 ficit.
410 1714 538 1771 indeed
553 1734 705 1773 nemorosa
726 1716 833 1793 Tempe
848 1714 979 1786 delatus,
1001 1736 1071 1773 cuin
1081 1715 1127 1773 ad
1134 1716 1280 1773 niontium

183 1800 280 1855 saltere
288 1800 481 1876 pervenisset,
502 1800 535 1855 in
545 1799 630 1857 silvis
643 1810 785 1859 ιιιιοιιιιιι
798 1809 927 1857 saraias
939 1820 961 1857 a
981 1800 1132 1859 Theodoro
1141 1800 1217 1857 duee
1229 1801 1279 1857 in-

183 1883 278 1941 si'dias
297 1884 416 1953 incidit,
438 1894 467 1939 et
488 1882 636 1943 abductus
652 1886 686 1941 in
705 1886 886 1942 teterrimum
898 1904 1047 1941 canerem
1060 1895 1104 1941 est
1116 1887 1275 1942 coniectus.

183 1971 316 2046 primum
329 1965 378 2025 liic
390 1972 533 2025 loannem
546 1969 823 2047 Hierosolymorum
836 1988 939 2047 regem
954 1988 1023 2027 otim
1035 1971 1124 2027 Petro
1136 1970 1278 2027 Altissio-

184 2052 304 2113 durensi
318 2049 481 2111 confundit.
514 2072 562 2113 res
575 2054 666 2129 Petri,
686 2064 715 2111 et
732 2051 880 2134 quidquid
893 2056 982 2113 Petro
994 2052 1152 2127 acciderat,
1172 2054 1278 2111 loanni

183 2138 297 2195 tribuit.
340 2138 403 2197 Iole
417 2138 475 2196 fuit
488 2158 566 2197 uxor
576 2140 674 2213 Petri,
694 2157 756 2197 non
769 2142 907 2212 Ioannis,
929 2158 1013 2198 soror
1023 2136 1165 2197 Balduini
1177 2140 1279 2218 primi.

182 2220 362 2281 Theodorus
378 2220 533 2281 Michaelis
549 2224 641 2282 irater
658 2220 756 2283 eidem
772 2221 914 2283 Michaeli
926 2227 958 2281 in
974 2226 1142 2302 principatu
1158 2242 1279 2283 suooes·

183 2310 238 2382 sit,
261 2326 352 2387 quem
367 2310 459 2365 arinis
474 2318 503 2366 et
517 2310 625 2367 virtute
638 2308 747 2367 bellios
760 2312 923 2367 enodarem
942 2307 1085 2367 reddidit.
1126 2310 1190 2369 Iole
1208 2319 1279 2367 tan·

184 2400 249 2451 tam
264 2395 388 2478 navigio
405 2395 584 2472 Byzantium
600 2394 819 2454 transfretavit.
842 2392 1002 2454 cardinalis
1026 2395 1174 2454 Columna
1196 2396 1278 2454 eius-

183 2475 254 2536 dem
276 2481 374 2554 Petri,
402 2482 448 2537 uti
466 2479 603 2538 laborum
624 2500 739 2556 eomes,
767 2482 810 2538 its
831 2491 861 2538 et
880 2483 1007 2539 aaroeris
1015 2471 1096 2540 fuit.
1139 2481 1281 2560 leguntur

183 2565 347 2622 etiamnum
370 2563 485 2624 litterae
506 2567 629 2625 Honorii
647 2569 691 2626 111
715 2563 753 2624 ad
776 2565 906 2624 eundem
924 2561 1123 2626 Theodorum
1144 2577 1174 2626 et
1193 2567 1281 2642 alios,

183 2649 292 2728 quibus
306 2649 445 2709 sollicitat
457 2651 512 2709 sub
524 2655 629 2730 poenis
643 2655 733 2711 etiam
748 2652 933 2730 gravissimis
943 2649 1140 2712 Theodoram
1151 2663 1185 2711 ut
1195 2655 1281 2731 Apo-

182 2734 305 2793 stolioae
326 2734 558 2815 redintegratum
579 2759 596 2797 e
618 2736 752 2797 ousiadis
767 2736 912 2814 dimittat,
934 2738 1010 2796 alios
1025 2749 1059 2796 ut
1072 2738 1183 2796 famam
1196 2739 1280 2794 iniu-

184 2821 261 2876 riam
282 2818 435 2879 vindicent
451 2832 480 2879 et
493 2821 702 2882 liberationem
720 2834 890 2902 procurant.
933 2831 969 2880 ut
985 2821 1063 2880 diota
1082 2823 1210 2880 aliorum
1227 2817 1279 2878 hi-

184 2905 359 2961 storioorum
380 2914 582 2982 praeteream,
605 2911 658 2988 qni
680 2926 736 2965 neo
757 2907 838 2965 bello
857 2925 1005 2984 pugnasse
1025 2923 1094 2962 oum
1114 2902 1279 2964 Theodoro

183 2989 305 3058 Petrum
329 2999 359 3045 et
380 2990 513 3065 legatum
533 2990 698 3062 affirmant,
720 2989 774 3048 sed
797 3001 935 3048 exoratos
953 3009 970 3046 a
985 2987 1164 3065 Theodoro,
1186 2991 1279 3048 etiam

183 3075 337 3152 promissis
354 3076 493 3151 expensis
507 3073 658 3176 adipsum
673 3077 869 3154 Byzantium,
889 3074 1042 3154 petillius
1059 3072 1231 3134 dicionem
1221 3085 1280 3134 iter

183 3159 342 3236 arripuisse
364 3167 393 3215 et
413 3159 444 3216 in
469 3161 606 3217 convivio
629 3169 730 3238 captos
747 3161 857 3218 carceri
871 3159 965 3218 fuisse
980 3162 1182 3240 mancipatos,
1204 3162 1277 3218 reli-

183 3261 243 3322 qua
257 3240 463 3318 multitudine,
485 3261 576 3325 quain
593 3263 695 3303 seeum
712 3242 861 3303 ducebant
866 3245 1062 3325 Upi-effigere
1106 3243 1277 3304 chronioon

182 3327 291 3388 Fossae
304 3349 409 3404 norae,
431 3325 585 3404 lominus,
606 3327 751 3388 Ricardus
764 3327 848 3390 des.
863 3332 1028 3404 Germano,
1050 3331 1154 3388 etalii.
1196 3330 1277 3389 libe-

183 3416 249 3470 ret'
241 3433 272 3472 m
286 3411 334 3474 liis
347 3413 437 3473 sidem
447 3433 533 3474 suam
544 3375 689 3488 Blandus,
711 3417 738 3474 si
749 3426 856 3495 potest,
878 3436 905 3474 si
895 3416 983 3474 vult
993 3415 1051 3474 sibi
1063 3413 1196 3474 fidemin
1208 3417 1278 3474 aliis

181 3493 297 3556 haberi.
340 3498 475 3582 Raphsel
497 3519 613 3581 quoque
632 3461 854 3560 Vallaterranns
871 3499 1068 3560 Theodorum
1090 3499 1173 3560 lmus
1190 3502 1278 3580 Epiri

181 3584 364 3661 principem,
387 3589 439 3665 qui
451 3586 540 3644 Petro
553 3584 796 3645 Altissiodorensi
810 3584 935 3645 insidias
946 3588 1066 3662 struxit
1088 3607 1158 3645 oum
1171 3583 1278 3644 Theo-

183 3665 255 3725 doro
268 3669 390 3726 Lassari
405 3672 605 3729 Graecorum'
596 3681 775 3750 imperatore
779 3670 960 3746 ooufundit3
980 3682 1141 3752 narratque
1154 3673 1279 3729 Petrum

182 3771 243 3810 non
260 3755 371 3810 oaroeri
382 3757 602 3835 mancipatum,
624 3755 678 3814 sed
692 3756 729 3814 ab
745 3755 853 3816 eodem
864 3760 898 3816 in
910 3759 1046 3816 convivio
1057 3757 1279 3817 obtnuioatuni.

181 3837 333 3898 Sabellius
351 3838 488 3898 Ennead.
508 3845 528 3903 9
550 3842 605 3900 lib.
620 3840 658 3904 5:
680 3843 787 3901 Petrus
807 3841 1065 3902 Altissiodorensis
1085 3841 1124 3898 ab
1143 3842 1278 3898 Honorio

180 3923 321 4001 pontium
350 3925 547 4002 imperatoriis
569 3926 739 4006 insignibus
757 3939 882 3986 oniatm
901 3948 970 3985 eum
989 3929 1104 3986 Ioanne
1129 3923 1278 3984 θοίιιιιιιια

180 4009 314 4085 supremi
334 4009 448 4069 ordinis
466 4013 598 4070 ante'stite
610 4023 687 4070 retra
700 4012 787 4070 abiit:
809 4012 981 4071 mi'ttelsatur
994 4013 1021 4068 is
1036 4013 1070 4068 in
1083 4011 1279 4068 Pannoniam

180 4093 225 4150 ud
237 4113 325 4152 arma
337 4095 370 4152 in
390 4097 501 4154 luscos
513 4099 728 4176 comparanda.
774 4097 829 4156 ubi
845 4117 915 4158 vero
928 4095 1141 4154 Brundusium
1153 4105 1278 4153 ventum

180 4187 236 4247 eet,
256 4180 416 4257 imperator
438 4181 557 4242 Venetis
576 4183 705 4242 nauibus
726 4204 795 4241 eum
817 4203 907 4242 uxore
926 4192 954 4238 et
974 4180 1076 4238 [ι’ὸιιιζι
1092 4190 1231 4258 exceptus
1242 4183 1277 4238 in

179 4261 373 4322 Dalmatiam
385 4268 573 4340 ammittit,
596 4269 710 4326 Ioanne
722 4270 853 4325 armate
863 4267 909 4326 ad
916 4265 1153 4345 comparandrun
1163 4264 1277 4324 bellum

175 4351 352 4423 praemisso.
396 4351 460 4429 ipse
474 4363 599 4410 sanatus
615 4364 657 4410 est
671 4351 879 4433 Dyrrachim
896 4351 1061 4423 Theodoro,
1081 4353 1137 4432 qui
1145 4351 1277 4430 Epirum
