3100 4850
539 257 841 326 AGROPOLITAM
864 260 1016 327 NOTAE.
1240 259 1316 331 263

221 425 248 481 is
262 440 280 481 ι
296 430 381 501 patre
401 418 520 483 vivente
540 441 601 481 non
621 422 791 502 appellatus
807 422 905 481 luerat
920 424 1100 503 imperator,
1120 444 1157 484 eo
1175 420 1314 485 defuncto

221 509 375 565 oommnnl
394 509 485 567 totius
502 509 653 567 exereitus
673 526 822 566 consensu
834 526 869 565 ao
882 509 1031 567 nobilium
1045 511 1179 568 omnium
1194 529 1229 567 ao
1242 530 1315 589 pro-

222 612 324 651 cerum
350 611 494 651 concursu
518 596 680 672 imperator
706 592 870 650 salutatur:
900 594 1055 652 constabat
1075 598 1158 653 enim
1173 599 1317 654 loannem

219 678 335 735 nemini
350 680 488 737 omnium
504 681 564 738 nisi
585 677 648 737 lilio
667 678 829 757 imperium
842 677 1012 757 relinquere
1023 678 1170 753 voluisse,
1192 678 1274 761 quod
1286 690 1318 739 et

219 764 289 841 pins
305 772 383 819 esset
397 766 430 821 in
442 764 553 824 liberos
567 773 597 823 et
610 766 726 821 nemini
739 763 825 821 alteri
841 760 876 820 id
891 760 1063 821 destinaret.
1106 782 1199 845 quare
1217 778 1318 824 antem

219 848 317 905 lilium
329 849 435 908 vivens
448 850 533 908 nullo
546 846 637 907 modo
652 847 808 927 designata
819 848 957 921 voluerit,
978 846 1114 926 pluribus
1128 853 1318 931 prosequitur

220 933 368 1009 Gregoras
383 932 438 993 lib.
454 939 491 1010 3,
518 936 571 1017 qui
586 932 703 993 subditt
732 924 932 1013 (inproperium
945 926 980 994 d’
996 926 1124 1012 ὕστερον
1139 928 1217 1013 παρ’
1231 934 1318 999 ἑκόν-

219 1038 282 1079 των
294 1018 357 1079 σοῖν
366 1012 513 1098 danudon*
526 1012 671 1083 dudvrnv
683 1017 849 1093 καθεσθελς
862 1010 909 1082 ἐπ’
923 1010 1051 1091 α’σπλδος
1063 1014 1140 1081 torri
1153 1015 1187 1081 τό
1202 1018 1237 1084 ἐν
1249 1016 1318 1084 τού-

219 1099 475 1183 sulphurantis
489 1103 564 1180 ἔτος.
606 1107 685 1165 Ans.

293 1205 336 1329 p·
354 1188 416 1253 112
431 1208 462 1249 v·
473 1194 504 1255 7.
546 1182 671 1272 ἔχήρενε
691 1191 747 1252 τοῦ
767 1184 1039 1273 κονρνορχοῦνεος]
1060 1187 1207 1267 Gregoras
1226 1208 1257 1268 p.
1274 1186 1316 1255 55

219 1275 252 1336 8.
321 1290 371 1329 nn.

303 1353 346 1414 ib.
370 1376 400 1417 v.
423 1359 472 1420 11.
513 1362 638 1432 πολλοῖς
656 1354 705 1421 tut
730 1359 774 1442 τῷ
792 1351 975 1441 Βλεμρόδρ]
997 1357 1144 1437 Gregoras
1163 1376 1196 1435 p·
1220 1353 1262 1419 55
1283 1358 1316 1417 7.

219 1441 392 1520 Acropolita
406 1442 578 1503 Mannelem
599 1452 687 1502 vooat
707 1439 907 1521 patriarcham
925 1442 1131 1522 demortuum,
1168 1443 1316 1520 Gregoras

219 1525 421 1585 Germanum:
444 1526 500 1587 aed
515 1527 553 1587 de
567 1527 616 1589 his
628 1548 685 1589 nos
701 1528 774 1587 alibi
787 1530 915 1607 egimus.
955 1530 1033 1589 Ass.

303 1630 336 1689 p·
349 1614 411 1676 113
423 1631 454 1670 v·
466 1617 497 1678 7.
539 1607 669 1695 ροναχὸν
679 1618 759 1687 τινα]
782 1615 929 1691 Gregoras
939 1633 971 1692 p·
985 1613 1026 1679 65
1048 1616 1099 1679 13·
1140 1614 1219 1672 Anu.

303 1693 346 1752 ih.
362 1714 392 1754 v.
410 1696 461 1759 13.
501 1696 536 1760 lv
548 1702 605 1783 μνᾷ
616 1694 773 1777 inlepida]
796 1694 887 1756 lanius
898 1694 1117 1759 ordinationem
1131 1716 1186 1777 per
1198 1692 1317 1755 hebdo-

219 1777 536 1857 aldemannum,
566 1786 611 1841 uti
627 1802 688 1842 non
708 1784 752 1841 ita
770 1784 912 1841 usitatam
929 1783 964 1839 in
982 1801 1018 1840 ea
1039 1781 1185 1855 aeclesia,
1214 1790 1315 1837 narrat
1427 1856 1431 1863 .

219 1866 400 1943 Aoropolita,
420 1863 458 1923 da
471 1885 532 1948 qua
543 1887 597 1927 nos
611 1869 727 1946 egimus
739 1869 772 1925 in
785 1876 912 1925 tractatu
926 1864 964 1924 de
976 1863 1212 1926 ordinationibus
1219 1864 1315 1923 Grae-

219 1968 336 2114 wmup:
351 1952 504 2101 11114.
547 2026 730 2117 ἐξορμήσας]
754 2036 900 2113 Gregoras
913 2035 968 2095 lib.
984 2041 1004 2101 8
1017 2055 1049 2115 p.
1064 2032 1106 2098 55
1122 2036 1173 2098 23.
1195 2036 1272 2091 Ans.

303 2117 346 2177 ab.
363 2129 427 2179 not.
447 2140 478 2181 v.
492 2124 523 2185 6.
566 2122 675 2200 ρλνίνα]
699 2122 742 2179 ita
763 2130 911 2179 oontraote
930 2118 981 2183 nal
1003 2117 1219 2198 ἐκκεχυμένως
1238 2116 1314 2173 sori-

220 2212 308 2281 ptum
327 2206 361 2263 in
384 2224 479 2263 manu
496 2215 618 2265 exorno
638 2203 757 2279 oodice,
793 2202 876 2287 quod
892 2206 926 2261 in
943 2206 1080 2264 versione
1101 2198 1315 2262 resolvendum

219 2290 324 2366 putavi
335 2290 368 2347 in
381 2291 564 2367 Meilvmov,
583 2289 778 2349 Melanthum.
823 2286 862 2347 de
882 2308 942 2369 quo
958 2287 1087 2348 dubitari
1105 2308 1167 2346 non
1186 2295 1313 2365 oportet.

219 2383 266 2433 est
280 2384 382 2434 autem
394 2372 563 2450 Μελέννκος
577 2376 681 2435 civitas
694 2395 756 2436 non
768 2375 859 2454 longe
869 2393 888 2432 a
900 2371 1125 2435 Thessalonica.
1167 2371 1313 2451 Georgius

220 2457 373 2518 Gedrenus
384 2462 417 2518 in
427 2461 540 2521 Basilio
552 2463 782 2541 Bulgarootono,
803 2463 857 2542 qni
871 2461 948 2519 oiroa
961 2479 1074 2520 annum
1087 2461 1168 2523 1010
1182 2459 1315 2537 impera-

220 2545 275 2619 vit,
297 2543 370 2604 dicit
385 2547 597 2627 imperatorem
608 2548 711 2610 illisio
725 2547 768 2620 εἰς
781 2543 818 2610 td
832 2539 980 2628 Ζογόρνο,
1005 2545 1084 2610 ἔνθα
1101 2539 1136 2607 sd
1154 2544 1224 2606 λ1σν
1245 2537 1315 2621 ὄχν·

219 2623 352 2706 ροὸποτον
365 2631 484 2711 ἵδρυσον
496 2628 646 2712 φρούριον
659 2629 873 2706 ἆΜελὲνικος,
900 2633 1014 2691 volutae
1029 2631 1074 2690 od
1086 2630 1241 2708 &gorius
1261 2625 1316 2684 ubi

164 2725 168 2738 ·
220 2714 254 2769 in
272 2713 361 2792 longe
377 2718 610 2776 nncadlroas‘mum
622 2718 779 2776 rastellum
796 2720 915 2776 nomine
927 2717 1112 2776 Melem'oam
1126 2712 1316 2790 confugerunt

220 2796 356 2874 Balgari
362 2839 375 2866 ,
403 2801 437 2856 in
450 2821 523 2858 sono
535 2803 626 2858 silum
640 2821 678 2858 ao
687 2803 874 2878 praecipitus
885 2821 924 2857 ac
937 2798 1070 2857 vallibus
1083 2796 1240 2854 altis-tim
1254 2813 1315 2850 ltn-

219 2879 310 2958 diqne
324 2882 465 2940 corolum.
511 2880 633 2964 Zoeyopa'
646 2881 669 2962 ef
684 2885 793 2946 Monta
808 2885 927 2961 Myron,
948 2885 1000 2940 nbi
1015 2884 1148 2940 llaernns
1161 2897 1259 2952 mons,
1280 2889 1314 2937 ut

220 2975 266 3025 est
280 2964 361 3044 apud
374 2968 520 3026 Nioetam.
561 2969 685 3026 Dorso.
1413 2971 1416 2980 '

303 3070 334 3130 p·
349 3051 409 3113 130
420 3071 449 3110 v.
457 3054 489 3114 2.
509 3045 708 3128 Bmodvsoo]
722 3053 841 3110 Nioetas
854 3041 1044 3113 Βακτοῦννον
1056 3049 1168 3110 scribit.
1189 3047 1312 3105 lloosl.

306 3134 349 3194 ib.
369 3147 432 3196 not.
451 3155 481 3218 ν.
501 3135 532 3199 l.
572 3136 818 3215 samartanum
830 3130 1180 3217 καλπρονοβεστιοὶρνον]
1204 3129 1242 3190 de
1262 3127 1311 3189 hia

221 3220 415 3302 dignitatibus
436 3219 652 3282 considendum
672 3239 738 3281 esse
751 3221 938 3280 Glossarium
952 3223 1075 3280 lleursii
1088 3236 1178 3298 supra
1190 3217 1313 3275 monui-

218 3327 298 3368 mus.
340 3309 463 3368 Dones.

303 3391 344 3450 ib.
367 3405 429 3452 not.
453 3413 483 3452 v.
504 3389 534 3456 6.
583 3387 676 3472 ρὸγνν
696 3382 970 3471 στρατοπεδάρχην]
1005 3398 1135 3468 quantae
1158 3385 1313 3464 dignitatis

219 3475 311 3534 fuerit
323 3497 454 3556 nsagnus
464 3475 721 3556 rtratopedornho,
738 3472 869 3535 ostendit
879 3471 962 3532 idem
976 3473 1124 3531 Meursins
1136 3473 1170 3529 in
1181 3470 1312 3530 exactis-

219 3562 297 3618 simo
313 3579 413 3638 opere.
453 3565 529 3621 item
541 3564 608 3644 quis
621 3580 752 3639 πεαρσον
766 3559 943 3618 domerhom
961 3568 991 3616 et
1003 3566 1213 3635 protostrator,
1234 3571 1312 3634 qnae

219 3643 312 3702 oflicii
333 3648 457 3704 nomina
479 3667 554 3709 mox
573 3647 813 3728 subsequuntur,
841 3644 951 3702 nullibi
971 3643 1081 3704 melius
1096 3660 1188 3723 quam
1203 3639 1246 3697 ibi
1262 3635 1311 3695 di-

218 3747 294 3788 soes.
336 3729 458 3790 Ilouss.
1183 3740 1188 3754 ·

303 3810 346 3872 ib.
371 3825 435 3873 not.
455 3834 485 3874 r.
506 3818 537 3879 6.
579 3811 885 3898 πρωτοβεστιορίσην]
922 3808 1098 3870 differebant
1117 3805 1261 3885 dignitate
1282 3813 1314 3862 et

219 3917 344 3958 innuere
360 3897 379 3961 d
392 3894 661 3983 πρωτοβεστιᾶρνος
675 3909 704 3958 et
716 3895 733 3962 d
746 3898 1046 3980 πρωτοβεστνορλεης.
1087 3893 1211 3965 olorum,
1232 3909 1312 3960 ecoe,

221 4003 263 4042 ex
280 3983 338 4042 hoo
356 3985 441 4060 loro,
468 3996 498 4044 et
517 3996 692 4044 annotatum
714 3985 775 4041 iam
796 3994 865 4041 ante
886 3999 926 4040 ax
947 3979 1062 4040 Codino
1082 3980 1117 4039 V.
1134 3978 1167 4036 0.
1185 3972 1312 4035 Iohanni

220 4070 362 4128 Mennio.
403 4068 473 4128 vide
487 4072 673 4130 Glossarium
686 4071 718 4126 in
732 4063 912 4150 βεστνοὶριον.
953 4067 1075 4124 Donss.

303 4154 545 4231 p.131v.21.
587 4148 704 4234 πολλὴν
732 4147 946 4234 συλλεξάμενος
972 4142 1136 4234 στρατιάν]
1165 4145 1313 4223 Gregorat

219 4237 271 4296 lib.
287 4241 309 4301 3
324 4257 355 4318 p·
369 4237 410 4304 66
432 4243 462 4304 9·
496 4241 573 4299 λιι..
