3100 4850
448 308 731 380 columbrum
755 308 1020 378 CHRONICUlll.
1207 307 1278 378 135

278 477 356 566 πρὸς
370 478 424 567 τόν
435 479 595 569 Ἰνδίριχον
609 486 749 546 πλουτῶν
764 486 825 547 ταῖν
836 480 1022 562 Οόανδὴλων
1036 480 1123 569 ῥῆηά,
1189 552 1190 559 ,

175 584 262 649 3130
276 587 326 648 καὶ
344 584 511 671 γράμματα
529 583 692 667 δεξάμενος
705 580 747 663 ὡς
766 581 782 649 δ
801 584 906 662 σκαιός
917 586 948 647 Γ
945 587 1046 671 ελίμερ

277 688 463 772 ἐπανασταίη
478 688 548 753 κατ’
565 689 661 753 αὐτοῦ
675 691 725 752 καὶ
741 690 940 765 κατακλείσας
957 688 1020 771 ἔχοι

277 790 370 856 αι’-τόν
383 772 419 857 τε·
430 792 483 883 τόν
493 791 652 875 Ἰνδίρτχον
665 794 716 855 καὶ
729 789 862 875 γαμετὴν
880 794 929 855 καὶ
949 792 1048 869 τίκνα,

274 897 325 959 καὶ
341 894 396 980 τὴν
410 895 509 983 ἀρχὴν
525 894 667 981 άρίλοιτυ
682 892 849 985 σόμπασαν
860 894 1030 979 Ἰνδερίχου,

276 996 502 1081 ταῦταμαθδνν
519 994 711 1081 δβασιλεός,
737 1000 858 1085 πληγείς
869 1024 900 1063 τε
915 997 969 1081 τὴν
985 998 1113 1085 καρδίαν

173 1100 257 1165 3135
272 1102 323 1163 καὶ
343 1104 423 1186 μέγα
437 1098 654 1185 παθηνάμενος
666 1098 741 1187 ὑπὲρ
757 1110 812 1166 τοῦ
827 1104 1085 1187 δυσπραγοῦντος,

276 1201 386 1297 στόλον
402 1203 481 1271 κατά
498 1208 529 1268 Γ
526 1208 662 1289 ελίμερος
672 1207 862 1292 μυρίανδρον
874 1205 1028 1287 ἐκπέμπει,
1127 1268 1132 1273 .

274 1307 446 1393 στολάρχην
465 1310 682 1393 δὲκαθίστησι
700 1311 752 1372 καὶ
769 1307 939 1394 στρατηγόν
955 1314 1010 1391 τῆς
1024 1304 1126 1390 μάχης
1295 1318 1318 1371 c

274 1409 329 1475 τόν
344 1414 440 1497 μέγαν
452 1409 634 1499 Βιλισάριον
641 1459 653 1492 ,
670 1411 726 1495 τὴν
736 1418 798 1477 τῶν
807 1408 965 1493 Ῥωμαίων
977 1422 1078 1497 χεῖρα,

274 1512 328 1579 τόν
344 1512 461 1593 πάντας
475 1496 700 1602 άπακρόηυαντα
713 1512 909 1603 στρατάρχας
921 1512 1144 1601 φαλαμγάρχας
1255 1578 1269 1594 Ι,

171 1611 315 1681 31401π1
329 1616 504 1707 στερρότητι
520 1624 657 1707 φρενῶν,
683 1619 735 1684 ἔπ’
754 1619 1020 1703 ἀριστυβουλίαις·

274 1719 309 1798 δς
319 1721 540 1811 συλλεξάμενος
554 1721 678 1806 πληθδν
692 1721 858 1805 ναυμάχων
872 1719 1061 1804 πεζομάχων,

274 1823 406 1905 ψιλούς,
429 1824 592 1901 ίνόπλους,
617 1822 803 1903 πελταστάς,
829 1823 973 1901 ἱππότας,
1000 1821 1215 1911 σφενδονήτας,

275 1928 440 2003 tretonae
455 1930 505 1991 καὶ
521 1923 709 2002 σπεύδοντας
725 1926 821 1990 αὐτοῦ
835 1925 1085 2011 προκινδυνεύειν,

272 2031 324 2092 καὶ
340 2032 414 2116 βίας
430 2026 616 2112 ἀπεχόμενος
633 2028 746 2093 ἀδίκων
759 2024 978 2113 ἁρπαγμάτων,

171 2127 256 2196 3115
274 2134 325 2194 καί
343 2129 459 2208 πάντας
474 2130 599 2214 ἴχεσθαι
613 2138 709 2196 ποιῶν
726 2137 782 2213 τῆς
796 2132 1036 2216 δικαιοπραγίας,

275 2240 378 2322 πᾶσαν
396 2232 648 2321 κατετροπάσατο
660 2231 795 2317 Λιβύων
809 2236 993 2321 φυλαρχίαν,
1029 2297 1031 2306 ,

275 2339 326 2401 καὶ
343 2333 494 2425 τράχηλον
508 2336 560 2402 τὸν
575 2336 735 2420 ἄκαμπτον
750 2335 863 2402 ἔκλινεν
882 2334 1080 2421 Οὐανδῇλων,

275 2441 376 2506 αὐτῶν
394 2442 478 2530 adripi
490 2449 551 2506 τῶν
565 2444 721 2524 δυσμενῶν
735 2437 870 2523 Λιβίαν
884 2439 1143 2528 προσχωρούντων

274 2547 324 2609 καὶ
339 2542 570 2633 σπουδαζόντων
585 2544 738 2630 ἄρχεσθαι
752 2543 838 2632 παρὰ
857 2547 1047 2630 Βελιζαρίου.
1294 2553 1318 2605 n

170 2646 258 2713 3150
276 2646 357 2713 σδτω
374 2673 422 2714 τοι
440 2655 568 2734 πρᾶγμα
582 2646 742 2732 δόσμαχον
759 2646 780 2732 ἡ
797 2651 1022 2733 δικαιοπραηνία,

272 2752 323 2817 καὶ
339 2754 448 2839 φίλους
465 2749 528 2817 οἶδε
543 2759 698 2832 καθιστάν
714 2752 787 2829 τοδς
800 2750 906 2839 πριόην
920 2747 1133 2836 μισουμίνους,

272 2855 433 2942 lodessa!
448 2881 478 2921 τε
493 2855 566 2932 τοδς
576 2855 711 2942 ε’χθροδς
721 2851 767 2932 ὡς
780 2857 905 2940 σίδηρον
917 2863 1075 2941 μαηνῖρις.

237 3017 307 3072 9131
324 3011 586 3085 imflsstiwtdlll
692 3013 869 3084 καταστήσας
885 3017 937 3071 1111
1046 3015 1115 3084 3135
1132 2999 1311 3068 ττοιδαίνό-Ι

237 3101 322 3153 μενος
346 3087 371 3138 R
471 3085 688 3142 stateem
781 3087 888 3144 815021
899 3087 949 3141 AR
1000 3083 1144 3155 σύμμαχον
1162 3084 1188 3138 11
1255 3077 1274 3150 ἡ

237 3156 397 3225 δυοπραγία
409 3151 487 3210 πόλει
510 3155 540 3210 Μ

167 3294 250 3362 dido,
264 3311 354 3348 amore
364 3292 535 3348 Vandilornm
549 3311 639 3364 regem
654 3293 844 3349 Hinderiehnm
859 3295 938 3350 etiem
953 3299 1031 3350 antee
1049 3293 1274 3363 complecteretur,

168 3383 228 3425 cum
240 3363 379 3434 imperinm
397 3372 488 3418 unctus
508 3364 620 3431 fuisset,
638 3383 669 3416 ec
689 3364 742 3417 iam
760 3364 847 3418 literis
871 3365 970 3418 certior
985 3366 1071 3418 iectus
1088 3369 1160 3416 esset
1174 3361 1272 3430 impro-

167 3435 231 3494 bum
244 3432 404 3487 Gelimerem
421 3433 554 3487 seditione
569 3443 640 3486 mota
651 3433 842 3488 Hinderiehum
865 3451 922 3487 cum
938 3451 1021 3488 uxore
1036 3451 1068 3486 nc
1084 3431 1176 3484 liberis
1189 3429 1273 3482 inclu-

167 3520 225 3556 sum
238 3502 296 3556 loco
312 3502 429 3572 quodem
442 3503 542 3555 hebere
558 3519 712 3584 teregnum
728 3503 754 3556 ei
770 3511 854 3558 totum
868 3503 1011 3572 ademisse,
1027 3503 1197 3574 perturbatus
1215 3497 1272 3551 ani-

167 3590 224 3641 mo,
246 3573 469 3641 vehementerque
491 3589 554 3624 casu
569 3571 647 3624 amici
670 3575 784 3626 adverso
803 3582 961 3640 conuentus,
978 3573 1086 3626 classem
1104 3569 1214 3624 infinitis
1230 3567 1272 3619 in-

166 3646 294 3707 structam
309 3641 394 3711 copiis
413 3650 505 3695 contra
521 3639 681 3694 Gelimerem
697 3643 784 3709 misit,
807 3642 885 3712 eique
899 3659 948 3694 ceu
960 3642 1024 3696 belli
1039 3643 1131 3696 ducem
1144 3637 1274 3709 praefecit

167 3729 290 3779 magnum
304 3711 376 3764 illum
392 3709 564 3778 Belisarium,
582 3710 668 3782 ipsam
688 3713 866 3765 Rornanorum
883 3727 1001 3777 manum3
1019 3712 1065 3782 qui
1083 3726 1172 3766 omnes
1188 3705 1272 3824 impe-

166 3789 271 3836 ratores
296 3781 483 3850 copiarumque
507 3780 587 3834 duces
612 3781 693 3834 enimi
711 3781 860 3834 constantia
882 3788 910 3833 et
925 3779 1142 3862 praeclarissimis
1156 3791 1273 3829 carisius

166 3849 315 3919 supererit.
349 3848 494 3903 Beliserlus
512 3858 621 3919 accepto
642 3848 753 3919 imperio
780 3868 838 3904 cum
856 3848 1021 3918 cleesiarios,
1044 3849 1148 3920 pedites
1165 3845 1232 3898 levis
1247 3851 1275 3895 et

166 3919 258 3987 gravis
273 3929 421 3972 amaturae
439 3919 552 3986 milites,
575 3928 706 3986 cetratos,
726 3919 846 3990 equites,
871 3919 1034 3986 funditores,
1058 3918 1103 3988 qui
1118 3932 1166 4000 pro
1187 3931 1219 3967 eo
1232 3912 1273 3964 lu-

164 3987 262 4041 benter
283 4006 315 4042 se
336 3987 532 4058 periclitaturos
556 3988 758 4058 profiterentur,
782 3989 947 4059 collegisset,
970 3988 1045 4042 simul
1063 3989 1096 4040 ab
1119 3983 1274 4037 iniustorum

166 4056 342 4126 direptionum
360 4057 387 4110 si
405 4075 514 4126 prorsus
524 4058 685 4126 abstineret,
702 4075 845 4128 omnesque
859 4057 1066 4112 coirsuelecisset
1083 4063 1113 4108 ut
1129 4051 1206 4122 aeqni
1223 4051 1271 4104 ob-

166 4137 304 4179 servantes
318 4137 424 4195 essent,
441 4126 554 4194 Libyam
574 4126 723 4180 universnm
741 4127 896 4200 oocupavit,
918 4139 947 4182 et
961 4126 1079 4180 cervices
1092 4122 1272 4188 Vandilorum,

167 4209 238 4262 quae
250 4193 375 4250 hamanus
393 4196 467 4250 flecti
483 4195 676 4264 nequiverant,
695 4195 816 4266 inflexit,
840 4197 961 4268 ipsismet
979 4195 1052 4249 Afris
1077 4194 1112 4248 od
1131 4209 1189 4245 eum
1205 4189 1272 4245 deti-

166 4262 315 4333 cientibus,
333 4274 361 4318 et
377 4282 485 4336 opernm
503 4265 626 4319 dantibus
647 4275 677 4318 nt
699 4283 716 4317 e
738 4265 868 4322 Beliserio
887 4273 1054 4340 regerentur.
1091 4262 1210 4316 nimirum
1230 4259 1270 4312 in-

165 4331 240 4385 victa
255 4349 299 4386 res
312 4345 355 4389 est
365 4333 482 4403 iustitia,
498 4351 567 4405 quae
583 4335 658 4406 prius
675 4332 788 4389 infestos
807 4343 899 4406 potest
912 4335 1011 4389 eunicus
1027 4333 1157 4402 reddere,
1178 4351 1210 4387 ee
1223 4331 1270 4385 ho-
