3100 4850
483 304 786 373 aenoromatt
808 306 962 375 Notat.
1195 307 1272 377 235

176 488 260 533 crum
273 471 482 533 miserabiliter
495 470 669 551 exspiravit.
691 467 766 531 baec
778 472 912 531 Nicetes.
932 473 987 531 a'lii
1000 471 1033 531 iu
1045 491 1161 533 carcere
1172 492 1272 533 mem-

175 558 286 616 bratim
302 554 463 617 dissectmn
479 554 616 630 tradunt,
639 550 721 637 quod
733 558 823 615 uxori
838 554 983 617 lobannis
996 562 1076 639 regis
1088 560 1274 617 matrimonii

176 645 354 723 imperiique
367 645 414 703 sui
431 642 628 717 consortiruu,
648 643 675 699 ai
691 643 829 721 opacius
844 642 1039 718 liberaretur,
1062 645 1207 705 obtuliase
1220 665 1275 722 per

177 729 261 787 illam
279 746 435 807 procacem
457 728 657 807 reiectamque
671 726 749 785 falso
762 737 961 787 accusaretur.
1002 728 1174 790 Matthaeus
1189 731 1275 789 Paris

176 833 238 872 non
249 813 408 891 bulgariae
421 814 574 891 reginam,
593 810 650 871 sed
662 811 797 891 puellam
808 810 961 894 quandam
971 814 1106 873 nobilem
1118 816 1212 875 fnisse
1226 814 1276 875 di-

178 902 236 973 cit,
257 899 302 957 uti
317 899 395 957 inira
413 897 593 957 videbimus.
636 897 745 979 quibus
758 915 813 977 pro
828 898 984 957 corollario
999 896 1083 958 addit
1094 911 1198 958 noster
1211 905 1276 962 Lo·

177 982 316 1063 gotbeta,
336 983 419 1064 qnod
433 984 469 1042 ab
484 982 552 1042 aliis
567 985 812 1062 praetermissum
827 994 890 1057 est,
910 982 1071 1043 barbarum
1086 987 1178 1063 capiti
1190 988 1276 1046 illius

178 1072 212 1129 iu
239 1070 382 1129 conviviis
405 1070 553 1143 illusisae,
584 1070 683 1129 cronio
701 1066 842 1127 videlicet
859 1070 988 1127 maximi
1005 1071 1150 1148 principie
1173 1074 1277 1147 poculi

178 1156 245 1214 vice
269 1153 405 1213 abusum.
447 1172 544 1235 neque
563 1163 664 1213 tamen
686 1152 745 1213 hoo
764 1156 866 1233 ipsum
885 1156 1049 1231 categorica
1067 1152 1210 1213 adstruit:
1233 1160 1277 1215 ait

179 1241 261 1297 euim
282 1236 324 1312 alc
341 1239 426 1318 pasl.
467 1250 620 1320 utcunque
641 1250 744 1298 tamen
765 1236 874 1297 hocin
891 1238 1028 1299 medinm
1043 1238 1277 1319 relinquendum

178 1326 235 1397 sit,
265 1321 302 1383 da
329 1344 403 1383 nece
426 1326 520 1404 ipsius
543 1322 685 1383 Balduiai
699 1344 738 1383 na
753 1322 906 1384 dubitatur
920 1323 1053 1405 quidem.
1095 1322 1172 1405 qnid
1183 1326 1277 1402 igitur

178 1408 351 1469 cibisoluut
362 1410 410 1467 illi
424 1411 476 1491 qui
489 1428 560 1469 eum
574 1420 642 1489 post
653 1411 777 1491 longam
789 1412 1062 1489 peregrinationem
1071 1421 1102 1468 et
1116 1413 1275 1489 captivita-

178 1504 243 1556 tem
262 1513 378 1555 carcere
397 1494 539 1555 adamum
560 1498 705 1575 sospitem
717 1516 752 1555 ac
764 1496 990 1555 incolumemin
1005 1497 1135 1575 patriam
1149 1493 1275 1555 rediisse

177 1578 303 1639 volunt'l
346 1582 407 1642 scio
422 1592 574 1659 repertum
586 1582 678 1641 inisse
692 1580 845 1661 quendam
856 1580 1004 1641 Balduino
1018 1601 1080 1639 non
1094 1582 1275 1657 absimilem,

179 1666 233 1745 qui
253 1685 286 1724 se
307 1668 518 1745 imperatorem
533 1678 563 1727 et
579 1669 718 1735 comitem
730 1664 890 1727 Eleutetis
907 1669 1145 1746 Hannoniaaque
1162 1670 1278 1726 menti-

179 1759 270 1809 retur.
312 1752 397 1811 nullo
414 1770 547 1833 namque
568 1770 629 1811 non
648 1761 783 1829 tempore
800 1754 917 1811 inventi
936 1761 1006 1810 sunt
1020 1754 1073 1831 qui
1091 1752 1195 1811 infimo
1208 1754 1277 1811 loco

179 1837 244 1893 uati
264 1834 422 1895 mendacio
439 1856 471 1895 se
493 1838 590 1896 conati
610 1846 680 1895 sunt
699 1837 871 1895 clarissimis
893 1838 1025 1895 inserere
1041 1837 1175 1895 familiis.
1217 1835 1279 1896 hoc

180 1922 322 1999 exemplo
348 1918 656 1997 Pseudo-Balduini,
678 1923 750 2002 qnia
773 1922 875 1980 nobile
897 1932 957 1996 est,
978 1940 1041 1980 non
1059 1923 1206 2001 gravabor
1215 1920 1278 1998 hic,

179 2015 283 2065 tamen
305 2008 361 2064 etsi
378 2006 469 2085 paulo
490 2007 678 2086 longiuscula
698 2008 738 2065 sit
758 2002 900 2082 historia,
922 2004 982 2065 fide
996 2016 1133 2066 vetamm
1147 2006 1279 2066 chrono-

180 2088 364 2169 graphorum
374 2088 552 2151 adscribere.
583 2089 687 2150 darem
700 2093 833 2171 primum
846 2093 947 2151 locum
957 2090 1081 2151 Albesto
1095 2093 1197 2153 abbati
1209 2093 1281 2151 slav

181 2174 282 2249 densi,
306 2178 358 2255 qui
372 2180 449 2235 circa
463 2178 516 2235 illa
531 2186 665 2257 tempora
677 2179 765 2237 vixit.
808 2178 857 2237 cni
869 2174 1041 2237 succederet
1054 2176 1164 2236 deinde
1178 2175 1282 2237 Goda-

181 2258 278 2321 fridus
291 2262 393 2321 Sancti
405 2263 595 2321 Pantaleouis
608 2259 773 2321 monachus
786 2262 973 2321 Coloniensis
984 2264 1018 2321 in
1030 2260 1280 2341 diligentissimis,

135 2362 141 2377 ¹
182 2364 259 2427 quos
280 2366 378 2426 nuper
398 2346 573 2430 blarquardi
591 2344 715 2406 Freberi
735 2346 881 2405 beneficio
903 2350 1089 2427 accepimns,
1122 2349 1282 2407 annalibus

182 2433 238 2490 sub
254 2435 346 2509 gestis
361 2435 433 2491 anni
447 2433 539 2498 1225.
581 2453 702 2514 possem
714 2445 743 2492 et
757 2433 833 2492 atior
846 2429 896 2493 bis
909 2432 1090 2513 adiungere,
1111 2435 1282 2515 praeclaros

182 2516 306 2596 quidem
330 2527 360 2575 et
382 2516 441 2577 fide
466 2517 591 2598 dignos,
614 2517 669 2579 sed
689 2521 751 2579 atili
766 2519 891 2578 infaceti
907 2517 1059 2580 homines.
1100 2517 1158 2580 sed
1171 2518 1283 2580 borum

182 2599 320 2662 sordibus
332 2605 450 2664 omissis
464 2603 622 2664 audiamus
634 2607 733 2685 potius
746 2605 859 2664 eaemsli
872 2607 967 2664 nostri

202 2739 206 2751 .
338 2689 451 2764 florem
466 2689 620 2749 illibatum
630 2689 742 2770 populi
756 2675 930 2769 auadoequb
946 2689 1127 2761 nudullam,

182 2771 299 2829 lustum
320 2774 469 2850 Lipsium.
510 2777 588 2834 isin
608 2778 730 2834 Monitis
750 2785 781 2834 et
799 2777 948 2854 exemplis
965 2777 1095 2853 politicis
1111 2775 1202 2838 lib-2
1219 2772 1282 2837 c.5

183 2874 268 2912 umn-
285 2857 305 2918 8
325 2875 390 2914 rem
407 2869 518 2917 narrat.
560 2858 700 2918 nonnihil
721 2857 794 2916 fidei
815 2860 983 2918 tenebrioui
999 2861 1051 2917 isti
1070 2875 1106 2915 ao
1124 2858 1282 2937 impostori

184 2937 303 2998 dedisse
326 2937 447 3000 videtur
464 2941 635 3002 Matthaeua
654 2945 756 3018 Paris,
779 2946 904 3022 scriptor
918 2945 983 2999 eius
994 2943 1153 3020 temporis,
1175 2946 1210 3002 in
1223 2945 1282 3000 lli-

184 3026 275 3084 storia
294 3026 424 3100 mucre,
448 3025 488 3084 ad
500 3045 613 3086 annum
629 3026 721 3090 1224.
764 3024 842 3086 adde
857 3028 1024 3085 andedum
1036 3029 1282 3108 Aquicinminnm

185 3107 226 3168 ad
238 3109 387 3186 sigeberti
403 3111 627 3172 Gamblaoensis
643 3109 829 3187 chronicon,
850 3131 948 3191 nuper
967 3112 1006 3172 ab
1025 3113 1158 3172 Anbarto
1168 3117 1282 3173 Miraeo

184 3197 328 3254 canonico
345 3197 557 3275 Antrerpieusi
578 3197 774 3276 publicatum.
818 3197 943 3258 lacobus
960 3200 1118 3278 llieyems,
1140 3197 1283 3258 lobannis

184 3281 276 3359 Iperii
298 3279 373 3361 (qui
393 3301 471 3341 auno
489 3279 570 3347 1294
583 3285 684 3342 virere
698 3280 807 3362 desiit)
828 3281 975 3343 Chronico
997 3285 1123 3364 aliisque
1141 3287 1285 3344 vetustis·

186 3367 270 3425 simis
287 3365 446 3426 Flandriae
459 3371 662 3428 monumentis
675 3379 705 3428 et
719 3368 878 3429 annalibus
890 3370 1043 3448 inspectis,
1063 3371 1285 3450 intercepmsna

186 3452 227 3510 sit
245 3450 412 3514 Balduinus
429 3455 463 3512 in
483 3454 597 3534 praello
613 3473 653 3512 au
670 3455 786 3514 occisus
797 3473 905 3535 parum
918 3466 1053 3514 constare
1065 3455 1185 3531 scribit,
1205 3475 1287 3514 uun-

187 3553 280 3614 quam
294 3536 419 3615 postbac
431 3541 606 3598 inventum·
622 3537 659 3599 da
676 3539 826 3601 nebulone
840 3537 1025 3600 balduinum
1038 3543 1203 3600 mentiente
1216 3538 1287 3598 vide

186 3621 288 3698 ipsum
309 3619 349 3680 ad
371 3625 596 3688 annum1226.
639 3621 827 3686 Christianus
847 3628 1001 3688 Massaeus
1024 3626 1058 3684 in
1079 3623 1226 3684 Chronico
1246 3621 1287 3682 ad

187 3723 302 3763 mnam
322 3710 401 3770 1201
424 3719 545 3788 captum
564 3707 762 3790 Addacopoti
779 3714 993 3790 imperatorem
1006 3710 1044 3769 ab
1058 3708 1236 3770 adversariis
1256 3719 1287 3768 at

188 3787 352 3850 abductum
362 3793 396 3850 in
409 3794 530 3874 Syriam
543 3795 645 3854 tradit.
687 3798 730 3855 ita
742 3799 859 3856 radant
872 3806 1017 3856 auctores.
1058 3795 1183 3856 lloosa.

186 3961 214 4019 A
236 3977 254 4018 ι
273 3873 407 3955 p025v·
428 3879 457 3942 1.
499 3879 532 3942 oi
549 3884 625 3962 γοῦν
646 3875 900 3962 ἆπολειφθένιες]
928 3875 1213 3964 chamaepett
1236 3881 1287 3942 11.
1327 3884 1330 3888 ’

216 3979 266 4018 a.

273 4043 315 4104 ib.
335 4066 366 4105 v.
380 4051 413 4111 2.
456 4052 545 4126 priua
560 4047 611 4108 bic
628 4053 815 4132 superfluum
828 4053 924 4132 possit
939 4047 1052 4124 videri,
1076 4058 1107 4108 et
1122 4069 1140 4107 e
1154 4047 1288 4126 glossula

188 4131 222 4187 iu
240 4141 415 4190 contextum
433 4135 605 4212 irrepsisse;
625 4141 710 4197 cuius
724 4140 891 4198 sententiae
905 4146 1058 4194 auctorem
1071 4131 1168 4192 babeo
1183 4135 1288 4191 bieur-

189 4215 286 4288 aium,
306 4235 346 4274 ex
360 4220 444 4276 cuins
457 4219 609 4280 Glossario
619 4219 712 4298 baec,
734 4243 813 4305 qnae
825 4223 914 4280 unice
924 4218 986 4279 buc
996 4221 1128 4294 faciunt,
1146 4215 1289 4298 deprom-

189 4307 242 4378 pta
261 4311 355 4366 sunta·
376 4298 411 4368 τὰ
434 4297 577 4387 λαμπρόν
598 4307 690 4386 cgrara
735 4309 948 4369 Constantinus
965 4308 999 4366 in
1017 4307 1167 4371 Tamen:
1187 4302 1289 4367 θέλων
