3100 4850
271 312 344 387 214
665 314 710 379 IN
736 310 962 381 GEORGIUll

270 489 316 539 rat
332 478 387 539 lib.
402 480 438 542 δε
462 470 518 539 ούιι
536 474 626 541 ἔλαθε
638 473 671 541 (λλ
684 480 792 542 satirae
807 512 848 525 ·-
861 470 1106 563 πραιανιύεσθαι
1117 476 1360 563 παρεκελεύσατο.

269 568 349 625 Am.

351 668 383 727 p·
402 649 423 711 8
442 666 473 706 v.
488 644 539 711 14.
582 641 620 710 tv
632 640 921 729 πραιοβεσιιύριον]
942 644 1089 708 (thoniata
1101 668 1133 729 p·
1145 646 1209 714 745
1229 654 1261 713 7.
1280 652 1361 709 Ana.

352 730 394 791 ib.
426 752 457 791 v.
483 730 532 795 14.
597 728 634 789 de
656 734 880 810 protovestioris'
905 730 1050 813 dignitate
1076 733 1148 793 vide
1174 736 1361 794 Glossarium

268 819 392 877 Mearsii
413 818 447 875 in
468 811 655 897 Βεσιιοὶριον.
698 815 875 875 differebant
898 829 999 877 autem
1023 818 1168 898 dignitate
1187 830 1218 878 et
1235 840 1360 879 munere

263 904 508 983 protonotario
531 913 561 960 et
578 904 843 981 protovestiarius,
864 906 948 963 cuius
964 904 1043 964 infra
1062 914 1165 964 auctor
1178 916 1278 963 noster
1291 924 1359 963 me·

267 990 366 1047 minit.
407 984 477 1047 vida
501 988 554 1046 ibi.
596 986 732 1047 Blandus
754 986 792 1047 de
812 990 910 1047 Gestis
924 990 1106 1050 Venetorum
1120 990 1263 1049 Alexium
1278 988 1360 1048 hunc

266 1093 328 1133 non
347 1082 426 1131 recte
442 1074 681 1151 protonotarium
700 1074 784 1131 facit.
827 1071 910 1155 quod
927 1084 1028 1133 tamen
1048 1077 1238 1133 amanuensis
1254 1085 1306 1134 aut
1318 1076 1359 1133 li·

265 1158 357 1219 brarii
377 1156 522 1217 mendum
541 1156 638 1216 videri
653 1168 767 1237 potest,
790 1178 858 1217 cum
880 1157 991 1222 Decad.
1004 1164 1027 1225 2
1042 1160 1132 1224 litto
1151 1160 1237 1219 aliter
1251 1162 1307 1236 sit,
1328 1170 1358 1219 et

262 1244 522 1324 protovestioriom
534 1240 643 1301 diserte
658 1244 804 1322 legamus.
846 1245 969 1304 DoosA.

350 1326 392 1386 ib.
407 1348 437 1386 v.
452 1329 502 1391 16.
545 1328 673 1387 Alexius
692 1330 917 1406 cognominatus
938 1326 1154 1405 Murtsuphlua
1172 1328 1286 1387 Graeco
1301 1347 1358 1387 vo-

266 1412 372 1473 cabulo
389 1412 427 1471 ob
443 1414 601 1473 coniuncta
620 1422 651 1471 et
670 1414 764 1471 veluti
779 1416 873 1473 oculis
889 1415 1078 1472 imminentia
1092 1414 1261 1513 supercilia.
1302 1415 1360 1471 Ni-

265 1509 345 1557 cotas
359 1500 391 1554 in
404 1498 516 1555 isaacio
532 1498 649 1575 Angeia
666 1509 695 1555 et
709 1499 819 1557 Alexio
836 1500 877 1557 1³:
900 1493 991 1581 μόνος
1006 1492 1039 1561 δ’
1052 1496 1086 1561 is
1099 1520 1225 1560 παντων
1240 1494 1259 1560 d
1277 1492 1360 1559 Δού-

264 1604 321 1656 ιιαρ
345 1574 489 1658 litigios,
519 1578 555 1657 ὃς
583 1582 617 1645 ἐπ
640 1586 696 1645 τοῦ
714 1588 924 1647 συνεστιᾶσθαι
942 1581 995 1657 τοὶς
1018 1576 1117 1661 ὀφρύς
1136 1581 1188 1644 ιιαλ
1209 1575 1277 1644 οἷον
1295 1586 1360 1655 τοῖς

263 1667 440 1746 ὀφθαλμοῖς
480 1664 700 1747 ἐπικρέμασθαι
738 1664 815 1749 πρὸς
849 1673 911 1732 τοῖν
942 1663 1126 1747 συνεφήβων
1164 1661 1359 1745 ἐπωνόμασαν

261 1744 514 1830 Μούριζουφλος.
555 1752 633 1810 forte
665 1748 884 1833 Μούριυφλος.
924 1756 1007 1813 varie
1037 1763 1139 1810 autem
1162 1750 1221 1811 hoc
1245 1770 1358 1809 nomen

264 1833 345 1917 apud
357 1834 514 1896 historicos
528 1838 620 1917 vulgo
636 1840 810 1918 concipitur.
853 1842 887 1897 ln
900 1838 1025 1918 epistola
1035 1835 1176 1895 Balduini
1189 1840 1262 1915 imp.
1275 1834 1358 1913 apud

263 1921 461 1981 Godefridum
482 1920 665 1981 Monachum
686 1924 894 2003 Moraliuflue,
914 1921 995 2003 apud
1011 1924 1201 1982 vincentium
1217 1920 1358 1978 Bellova-

262 2026 384 2067 censem
408 2006 610 2087 Moroulptlur
631 2019 660 2067 et
680 2010 898 2088 Morenlpitue,
920 2020 951 2067 et
965 2010 1009 2067 sio
1020 2008 1052 2065 in
1067 2005 1205 2065 chronico
1217 2006 1359 2063 Altissio-

262 2090 392 2151 dorensi.
434 2093 552 2153 Blondo
577 2092 614 2152 de
635 2094 733 2153 Gestis
752 2098 935 2155 Venetorum
953 2103 999 2152 eat
1015 2092 1176 2160 Murrum,
1198 2089 1357 2169 eidemque

260 2176 374 2236 Decad.
392 2182 413 2241 2
432 2178 486 2237 lib.
504 2182 525 2243 6
547 2178 710 2250 manitus,
733 2180 815 2239 uelut
834 2180 934 2258 aliqui
949 2176 1062 2237 tabent
1079 2178 1246 2254 ecn'ptores,
1267 2176 1359 2233 Moa-

262 2262 400 2341 clmlfue,
420 2264 516 2323 Paulo
530 2265 660 2323 Aemilio
676 2264 811 2343 Myrtiue
822 2264 872 2324 vel
884 2262 1102 2341 Munuphlus,
1122 2258 1276 2319 Guathero
1288 2262 1357 2318 Μυ-

260 2345 357 2405 nacho
380 2350 412 2405 lu
428 2350 559 2407 Historia
575 2350 732 2429 cpolitano
747 2348 933 2432 Maruphlo,
957 2368 1026 2408 cum
1043 2350 1305 2428 interpretamento
1323 2344 1360 2403 id

260 2433 492 2510 aetstoaoordie.
536 2437 660 2494 Donet.

344 2515 386 2572 ib·
406 2536 436 2574 v·
452 2521 503 2580 20.
547 2515 701 2600 βούλευμα
716 2517 842 2581 ἐπαίνου
860 2514 966 2598 ύξιον]
994 2535 1063 2577 omn
1083 2535 1138 2596 pro
1156 2512 1204 2574 his
1225 2515 1259 2572 in
1280 2532 1356 2591 apo·

259 2595 375 2678 grapho
388 2600 454 2679 ipso
467 2603 500 2660 in
512 2613 654 2662 contextu
669 2606 819 2682 legeretur
833 2597 989 2683 ύτόπημα,
1012 2599 1094 2683 quod
1106 2619 1163 2659 nos
1174 2604 1207 2658 in
1218 2600 1356 2658 versione

259 2687 380 2766 sequuti
399 2705 517 2760 sumus,
540 2685 737 2769 additumque
760 2691 794 2746 in
814 2692 950 2768 margine
966 2697 1045 2747 esset
1059 2680 1214 2766 βούλευμα
1228 2683 1355 2746 ἐπαίνου

183 2790 185 2796 ·
258 2765 364 2846 ἄξιον,
386 2769 468 2853 quod
482 2770 601 2832 videtur
617 2773 756 2832 Graeculi
772 2771 929 2832 cuiusdam
940 2775 1004 2831 sive
1024 2769 1154 2830 hominia
1170 2771 1258 2828 otiosi
1271 2787 1355 2826 oom-

256 2866 408 2931 mentum,
431 2854 464 2916 id
485 2859 585 2938 ipsum
606 2879 764 2940 perperam
785 2861 818 2916 in
839 2869 1014 2918 contextum
1033 2857 1069 2914 ab
1088 2857 1186 2935 operis
1202 2863 1355 2932 receptum

258 2950 315 2999 eat.
358 2939 438 3021 quod
452 2947 600 3002 monitum
615 2947 713 3020 volui,
735 2944 844 3020 lector,
866 2945 984 3002 nescim
998 2961 1038 3000 ne
1055 2961 1145 3000 essee.
1186 2941 1310 2997 Donat.

341 3043 372 3103 Ρ.
390 3029 410 3086 9
432 3045 461 3084 v·
478 3031 509 3090 8.
552 3025 651 3109 λα’λω]
672 3050 711 3088 ne
727 3040 882 3108 tantopere
899 3026 1087 3087 decantatam
1100 3026 1239 3105 Byzantii
1256 3042 1354 3102 oppu-

257 3111 432 3186 gnationem
452 3117 708 3191 expugnationem
724 3126 751 3174 et
769 3113 924 3172 excidium
944 3131 1006 3170 non
1020 3113 1085 3170 aiae
1099 3108 1198 3169 taedio
1213 3111 1353 3167 concina-

256 3211 335 3268 mus,
358 3192 428 3253 vide
443 3209 576 3256 auctores
591 3201 644 3280 qui
659 3198 696 3258 de
713 3220 748 3258 ea
762 3201 923 3278 scripsere,
944 3199 1023 3255 inter
1037 3197 1111 3255 alios
1125 3197 1277 3267 Nicetam,
1300 3193 1353 3272 qni

255 3277 324 3336 fuse
339 3288 370 3336 et
382 3299 443 3339 non
457 3283 520 3340 sine
532 3283 673 3363 lacrymis
691 3286 826 3345 oculatus
838 3287 904 3362 ipse
917 3283 1000 3340 testis
1014 3282 1213 3360 prosequitur.
1254 3279 1353 3336 Doro-

252 3360 346 3421 theus
362 3365 628 3428 Monembaeiensis
640 3372 673 3428 in
688 3371 812 3450 synopsi
826 3371 1042 3427 Historiarum:
1063 3363 1115 3426 ιιαλ
1136 3361 1203 3427 eo're
1224 3361 1353 3426 λσιιιλεν

255 3443 273 3511 ὅ
285 3444 428 3529 βασιλεύς
439 3447 508 3531 ἤτοι
520 3449 539 3516 o‘
553 3455 649 3537 βῆγας
663 3459 718 3534 τῆς
732 3448 888 3534 Φρύνιζας
901 3447 1059 3534 γράμματα
1075 3445 1115 3512 ναί
1129 3453 1223 3511 πᾶσιν
1238 3447 1281 3520 είς
1294 3442 1353 3526 τήν

255 3528 594 3617 invovocatione,
616 3539 667 3602 ιιαλ
681 3536 720 3602 νύ
735 3532 879 3618 alateum
891 3534 926 3599 τύ
938 3536 1043 3614 aalide]
1056 3538 1117 3596 τοῖν
1127 3530 1353 3613 Ἱεροσολύμων.

254 3615 307 3678 ιιαλ
323 3617 387 3698 irio
401 3619 517 3703 ἐπῆγον
530 3624 573 3698 είς
588 3622 645 3704 τήν
659 3618 982 3686 Κανστανιινούπολιν
1002 3619 1054 3682 καὶ
1075 3615 1205 3700 εύμαλαν
1217 3614 1255 3680 so*
1270 3639 1352 3694 φου-

256 3696 332 3763 edre
355 3709 411 3784 τῆς
434 3711 569 3786 στερεᾶς,
598 3708 651 3772 καλ
670 3707 707 3770 τοί
729 3703 858 3788 κύτεργα
876 3710 937 3768 τῶν
959 3706 1123 3766 nontam
1143 3707 1200 3767 τοῦ
1219 3695 1351 3783 πολέμου
1391 3787 1398 3794 .

254 3779 356 3862 ύπίξα
377 3783 437 3852 det
455 3788 492 3854 roi
510 3799 628 3872 τοιχεῖα.
670 3791 722 3855 καί
744 3792 861 3855 ἔδωκαν
881 3790 976 3874 μέγαν
987 3783 1121 3870 πόλεμον
1137 3787 1189 3850 ιιαλ
1205 3780 1341 3868 φοβερόν

254 3869 310 3948 καλΙ
327 3868 364 3949 μὲ
385 3880 452 3948 ταῖς
474 3872 681 3961 λσυμπύρδαις
703 3876 815 3956 ἕκαμαο
845 3876 1036 3958 χαλαστρίαις
1062 3869 1100 3935 τὰ
1127 3867 1269 3954 αύιεργα,
1298 3831 1352 3932 παλ

253 3951 391 4034 inuritur
410 3960 443 4021 οἱ
457 3961 609 4025 Benlaunoi
631 3961 673 4033 εἰς
689 3958 745 4040 τήν
758 3957 845 4022 πὸλιν
860 3963 964 4042 προῖια
979 3954 1040 4022 α’πύ
1054 3953 1126 4032 τούς
1140 3955 1256 4030 ἄλλους.
1297 3953 1350 4016 παλ

252 4031 321 4139 τὸῑξ
342 4040 480 4123 tundnau
499 4043 536 4107 ui
555 4043 695 4125 φουσύια
716 4042 752 4107 τύ
774 4043 867 4124 ἄλλα,
898 4043 951 4107 καλ
972 4044 1081 4124 ἔβαλαν
1103 4042 1259 4120 παυτιίρες
1280 4034 1352 4119 ἤτοι

251 4125 436 4205 φλαμπουρα
453 4129 496 4202 είς
510 4127 546 4192 ut
564 4138 688 4210 τοιχεῑα,
719 4133 771 4194 καί
795 4154 832 4210 με
857 4129 998 4212 μεγάλαις
1016 4133 1122 4209 χαραῖς
1139 4127 1265 4201 ἔπαιζον
1285 4129 1353 4196 ταῖς

251 4209 449 4285 τρουμπέταις
461 4214 512 4274 καί
527 4212 563 4276 td
579 4213 653 4276 itta
669 4209 834 4296 uatyvldsot.
856 4216 908 4277 καὶ
925 4214 966 4287 οἷς
978 4214 1156 4295 ἐκυρίευσαν
1169 4211 1201 4276 οἱ
1216 4201 1353 4291 Φρύγαοι

251 4284 308 4370 τήν
323 4287 429 4374 πόλιν,
453 4295 622 4380 ἐγύρευσαυ
634 4298 682 4364 τὸν
697 4301 820 4382 βασιλέα
833 4299 885 4364 nal
900 4296 953 4363 tto
964 4295 1015 4362 σύν
1028 4289 1139 4381 ηύραν.
1179 4295 1282 4356 πολλοι
1302 4291 1352 4352 hic
