3100 4850
278 299 353 375 240
673 302 720 373 n
744 302 972 407 ououomn

277 465 441 539 obtimini,
462 467 604 529 adiuero.
646 468 916 549 geranopepa
934 470 1111 549 irnperutore
1129 466 1288 539 Graeciae,
1313 466 1376 526 Ve-

278 556 341 613 neti
355 553 521 631 aliquando
536 566 626 613 anteo
643 558 899 626 immutaverunt,
920 555 978 613 iilo
999 574 1034 612 ex
1055 554 1214 633 improviso
1228 573 1281 609 ano
1293 554 1377 611 ἰπνο-

278 640 365 697 deren
374 640 538 716 praestitio.
589 641 698 701 Veneto
714 643 817 721 itaque
831 642 946 699 nomini
955 640 1186 719 gratiseeotmum
1198 639 1373 715 imperator,

278 734 345 782 tnm
369 726 441 804 qudo
467 726 586 805 imperii
606 724 761 785 aemulum
786 727 902 804 insanae
918 726 1035 796 oderat,
1062 722 1229 803 annnndo
1250 724 1372 801 Djm-

278 809 380 867 edinm
401 808 525 887 frustra
551 814 749 891 oppugnavit.
801 811 971 869 modona
991 811 1111 868 interim
1129 810 1220 887 poem
1239 808 1372 866 studium

217 916 229 935 ν
278 893 475 967 annuum,
495 896 737 955 Anneiodoremi
753 897 937 966 metuuntur,
959 916 994 953 ex
1010 895 1092 953 hoste
1106 893 1240 967 brevifit
1254 892 1367 970 hospes.

278 982 485 1057 imperatorem
504 984 606 1061 itaque
625 984 746 1041 oonn'm
764 983 926 1039 multotum
947 980 1043 1039 medio
1055 980 1191 1038 convivio
1201 976 1371 1048 otounoat,

277 1086 373 1145 neque
383 1064 499 1144 foedus
514 1086 610 1146 nuper
628 1070 720 1125 sotum
739 1086 834 1145 neque
852 1065 1016 1143 lmapitnlm
1033 1066 1103 1123 iura
1119 1065 1271 1122 reveritur.
1315 1063 1374 1121 ols‘s’

278 1154 359 1209 eim
378 1172 546 1209 nensoruoae
573 1152 742 1211 iireasalms
761 1150 842 1222 hoa,
864 1152 1199 1230 patremmeum,
1219 1147 1339 1206 imtdisa
1350 1168 1373 1205 o

285 1236 435 1295 Theodora
457 1248 609 1315 exception
635 1235 784 1309 rendunt,
809 1247 902 1317 atquo
922 1238 1147 1316 inponentem
1164 1234 1320 1293 redactum
1338 1234 1372 1291 in

278 1321 409 1381 vinealia
424 1333 619 1381 aromatum.
663 1324 741 1381 Anu.

364 1443 397 1502 p·
411 1426 452 1487 29
467 1442 497 1481 v·
510 1426 541 1486 9.
585 1422 635 1487 tet
650 1426 693 1508 τῷ
707 1424 768 1509 eloi
780 1420 985 1503 uuuudlduos]
1003 1421 1095 1480 Belne
1112 1416 1134 1484 4
1154 1421 1219 1479 eius
1239 1420 1373 1480 nominis

279 1508 429 1586 Unger-iae
451 1509 531 1586 regi,
552 1507 691 1567 Andreae
708 1512 745 1583 2,
769 1510 818 1578 oui
832 1528 873 1566 ex
888 1502 1158 1586 Hierosolpmitana
1179 1503 1373 1584 expeditione

280 1611 447 1671 cognomen
462 1592 730 1671 Hierosolymitoni
740 1590 877 1652 adhaesit
891 1594 1035 1673 cuiusque
1049 1590 1099 1651 bio
1112 1593 1223 1649 mentio
1242 1590 1289 1664 fit,
1308 1590 1373 1650 filio

279 1696 358 1735 uxor
372 1678 430 1736 fuit
444 1680 554 1755 Maria,
579 1680 755 1737 testantibus
769 1680 958 1757 Ungarorum
972 1677 1144 1753 annalibus,
1169 1694 1259 1756 quam
1271 1677 1373 1755 impe-

280 1764 385 1821 ratoris
406 1764 588 1823 Graecorum
607 1764 700 1822 filiam
719 1765 812 1823 fauisse
833 1763 1002 1837 affirmant3
1023 1760 1300 1821 Anton.'Bonfiuius
1315 1758 1374 1819 de-

281 1845 374 1911 eada
388 1848 442 1907 lib.
451 1852 482 1912 7.
505 1853 558 1931 qui
569 1868 678 1908 nomen
692 1853 785 1929 patris
799 1851 989 1929 exprimeret,
1003 1858 1120 1927 praeter
1130 1847 1374 1904 Elinmlleusue-

281 1952 358 2008 rum,
380 1932 444 1992 vidi
457 1937 620 1993 neminem.
655 1932 706 1993 hio
718 1938 751 1993 iu
766 1934 963 2013 Genealogioo
979 1932 1050 1991 dioit
1064 1934 1156 1991 fuisse
1166 1930 1374 2007 Emmanuelis

279 2019 355 2097 imp.
370 2018 480 2094 filiam3
501 2022 607 2100 inquo
622 2020 745 2078 fallitur.
789 2040 829 2077 ex
841 2017 1009 2098 Logotlreta
1022 2014 1148 2075 Mariam
1169 2016 1273 2095 (Belae
1287 2013 1317 2090 4,
1339 2026 1374 2074 ut

280 2106 396 2181 opinor,
410 2106 581 2185 coniugem)
603 2106 682 2163 olare
696 2102 852 2163 Theodori
864 2107 1000 2163 Lasearis
1012 2103 1104 2161 fuisse
1114 2102 1207 2159 filiam
1219 2099 1373 2159 discimus.

278 2206 371 2268 quare
388 2190 576 2269 castigandus
592 2188 642 2247 hio
658 2192 721 2249 eius
737 2210 827 2263 error,
843 2189 1029 2268 aliorumque
1044 2188 1188 2263 fortassis,
1204 2189 1257 2269 qui
1272 2189 1374 2265 ipsum

278 2286 443 2355 sequuntur
459 2287 510 2333 aut
529 2295 603 2356 quos
618 2278 683 2353 ipse
700 2274 791 2335 duces
807 2273 907 2333 habet.
949 2274 1073 2333 Donat.

363 2374 404 2435 ib.
423 2396 453 2438 v.
471 2378 522 2442 10.
557 2372 689 2457 Ἄννην]
711 2371 852 2458 Eiarinon
869 2372 1058 2437 scribeudrun
1073 2372 1175 2434 statim
1188 2367 1373 2451 praeceden-

202 2509 205 2516 ,
276 2461 319 2517 tia
334 2470 363 2518 et
377 2481 451 2519 mox
465 2466 621 2542 sequeutia
634 2467 706 2522 satis
722 2464 881 2521 manifesto
896 2459 1071 2535 ostendunt,
1091 2468 1124 2518 ut
1145 2457 1281 2538 pluribus
1297 2475 1372 2536 opus

276 2563 338 2686 appu
351 2546 390 2604 sit
403 2544 443 2604 ad
457 2548 610 2626 vulgatam
626 2551 804 2628 soriptrnam
822 2544 1060 2627 redarguendam
1076 2563 1112 2602 ao
1127 2540 1372 2602 convincendam.

308 2646 403 2689 onst.

364 2729 406 2790 io.
426 2753 457 2791 v.
475 2734 527 2796 18.
566 2725 711 2812 Ἰωάννην
730 2726 782 2796 τὸν
800 2725 907 2794 ctoriae
925 2735 981 2794 rori
995 2722 1147 2811 Βατᾶνζη]
1169 2733 1292 2788 Ioannes
1309 2729 1372 2786 Ba-

279 2817 370 2897 ptista
394 2819 557 2897 Egnatius,
591 2819 790 2898 cuspinianus
816 2828 846 2876 et
867 2819 919 2876 alii
940 2815 1021 2876 huno
1045 2815 1226 2889 iohannem,
1249 2813 1373 2872 Ducam

279 2901 676 3048 gzlmffiffinomemo’
705 2914 840 2984 corrupte
863 2901 1028 2963 Iohannem
1050 2899 1297 2981 Diplobatazinm
1316 2919 1375 2984 νοτ

363 3085 404 3146 ib.
423 3108 453 3147 v.
471 3092 521 3152 16.
563 3083 691 3172 ἠγάγετο
714 3086 748 3153 di
767 3088 799 3165 ἐξ
818 3083 999 3170 Ἀρμενίων]
1027 3086 1116 3146 huius
1141 3088 1288 3166 Gregoras
1310 3103 1372 3143 uon

278 3175 432 3247 meminit,
456 3175 509 3253 qui
527 3175 629 3234 scribit
650 3173 806 3234 demortua
828 3177 926 3253 prima
948 3194 1043 3234 uxore
1066 3171 1227 3232 secundam
1249 3169 1370 3230 duxisse

278 3276 411 3315 sororem
423 3258 545 3316 Roberti
556 3261 742 3338 imperatoris
759 3259 908 3338 cpolitani
922 3279 952 3337 p.
968 3264 1006 3323 tt
1031 3261 1082 3322 20.
1124 3260 1203 3316 Aut..

361 3378 392 3436 p·
409 3364 451 3423 30
468 3380 498 3419 v.
517 3365 565 3424 10.
609 3359 692 3442 μέχρι
706 3359 756 3423 tul
772 3353 870 3423 oritoni
879 3364 934 3422 rori
949 3357 1134 3439 Ννμφνάον]
1156 3359 1252 3417 multa
1266 3354 1303 3415 de
1315 3375 1372 3415 ex-

277 3439 479 3521 peditionibus
500 3447 678 3505 Latinorum
698 3448 731 3504 in
753 3448 873 3506 Oriente
891 3455 992 3504 narrat
1007 3442 1153 3504 choniata
1166 3441 1371 3503 iuBalduino.

275 3531 355 3588 Anu.
1340 3579 1344 3586 .

362 3609 404 3670 ib·
422 3631 453 3670 v·
470 3615 521 3677 19.
564 3607 783 3693 Νεονᾶσννων]
805 3617 893 3673 Anna
905 3614 1057 3673 comnena
1069 3613 1123 3672 lib.
1138 3610 1188 3675 14.
1229 3615 1308 3670 Ant..

310 3742 316 3754 .
360 3695 402 3754 ib.
419 3716 449 3755 v.
466 3701 517 3761 22.
561 3699 686 3760 Mottta
707 3698 759 3760 nul
777 3692 899 3779 ὀψίκια]
923 3697 960 3757 de
975 3697 1106 3758 themate
1128 3697 1271 3777 Obsequii
1282 3714 1374 3776 supra

276 3781 426 3866 quaedam
439 3782 594 3841 attulimus
606 3786 639 3841 iu
652 3785 746 3856 notis3
772 3786 896 3847 Mutilo
911 3783 1028 3843 videtur
1042 3783 1215 3842 Moldaeio.
1248 3783 1374 3840 Donat.

359 3888 390 3947 p.
408 3869 448 3932 31
465 3887 494 3926 v.
509 3864 540 3930 1.
581 3861 707 3947 Ἐρρῆς]
728 3867 870 3927 Balduini
892 3871 985 3928 frater
1000 3879 1069 3949 post
1086 3879 1214 3928 mortem
1230 3865 1373 3926 Baldnini

276 3955 373 4010 tenuit
388 3961 418 4010 et
432 3953 608 4031 gubernavit
621 3955 783 4032 imperium
795 3956 986 4034 Cpolitauum
1000 3973 1112 4014 aunum
1125 3971 1220 4011 unum
1238 3962 1268 4010 et
1283 3970 1374 4008 men·-

277 4054 326 4094 ses
348 4047 488 4118 quattuor
512 4038 624 4118 absque
645 4040 836 4116 imperatorio
857 4041 962 4098 titulo:
982 4041 1098 4098 nemini
1115 4040 1212 4113 euim,
1234 4038 1276 4099 ita
1292 4036 1376 4094 refe-

277 4130 360 4178 rente
374 4125 477 4182 Nioeta
491 4141 522 4201 p.
538 4123 598 4186 847
619 4127 640 4186 t
649 4168 657 4200 ,
682 4124 872 4202 popularium
883 4144 1007 4184 suorum
1017 4126 1102 4203 regui
1114 4124 1375 4201 inaugurationem

278 4202 446 4266 ooudonare
459 4207 634 4284 voluerunt,
657 4210 717 4268 nisi
731 4207 872 4268 Balduini
887 4219 983 4268 morte
999 4210 1170 4288 explorata,
1192 4205 1275 4287 quod
1287 4225 1375 4265 mm-

169 4283 172 4293 “
277 4307 400 4370 mopere
412 4290 539 4354 laudans
555 4291 701 4355 chouna
717 4295 749 4353 iu
764 4313 834 4358 suos
849 4296 978 4356 Graecos
991 4291 1154 4357 invehitur.
1196 4296 1274 4354 Am.
