3100 4850
413 390 415 398 ¹
519 316 821 387 scaoPouTtol
844 318 995 387 NOTAE
1226 318 1300 393 24⁷

157 460 163 475 ⁵
206 480 354 544 vocabulo
374 473 516 565 βωιλιός
536 478 683 563 qrriddam
705 483 836 562 amplios
855 495 888 543 et
905 486 1004 546 maius
1023 483 1190 566 significare
1204 486 1300 548 voluit

207 586 301 649 qnam
310 588 367 629 nos
379 586 453 629 voce
465 586 518 627 res
528 566 694 646 significare
707 570 927 630 consuevimus.
969 581 1000 630 et
1010 590 1183 653 quanquam
1193 574 1299 633 Graeci

207 672 311 732 regern
324 651 448 733 βασιλέα
461 650 577 727 dicunt,
597 650 796 712 nihilominus
809 650 919 713 eodem
931 656 1077 717 vocabulo
1089 660 1299 738 imperatorem

206 741 301 798 etism
314 740 485 799 Romanum
504 749 535 797 et
544 740 716 817 Augustum
734 741 925 817 exprimunt,
946 743 1001 799 vix
1017 761 1096 801 unus
1111 754 1141 802 at
1155 746 1230 803 alter
1243 765 1298 804 re-

206 833 305 883 terum
318 816 525 906 αὐτοκράτορα
536 824 699 905 appellant.
742 823 938 905 quamobrem
956 829 1073 905 quoties
1086 830 1118 885 iu
1131 827 1190 887 hac
1202 827 1298 889 histo-

206 910 251 967 ria
270 927 332 969 vox
353 904 495 987 βασιλεύς
508 907 546 968 de
558 910 757 989 Bulgsrorum
770 928 841 988 rege
856 919 886 969 et
899 911 1081 969 Graecorum
1095 916 1229 993 principe
1245 934 1299 974 cc·

206 996 297 1053 currit
315 992 462 1074 (occurrit
474 1006 577 1055 sutem
587 992 739 1074 passim),
759 1013 822 1053 non
834 1014 889 1053 res
899 994 956 1054 sed
968 998 1130 1073 irnperctw
1144 998 1298 1059 reddenda

206 1088 262 1139 est.
293 1080 326 1137 in
340 1097 399 1159 quo
420 1078 599 1162 (latendum
608 1076 670 1161 est)
692 1078 923 1161 negligentiores
933 1099 1025 1162 quam
1036 1100 1094 1160 par
1101 1093 1164 1141 erat
1174 1085 1298 1145 fuimns.

205 1181 279 1222 saue
297 1164 446 1243 bulgarus
466 1160 608 1246 βασιλεύς
630 1166 798 1245 appellatus
817 1168 880 1225 iam
899 1167 1077 1247 abantiquo
1094 1167 1298 1247 etNicepbori

203 1244 325 1307 Phocae
336 1258 489 1331 tempore:
509 1261 626 1311 constat
637 1270 678 1311 ex
689 1250 869 1331 Irnitprsndi
880 1253 1029 1331 legatione
1042 1248 1082 1309 ad
1093 1250 1182 1312 illurn
1197 1256 1299 1333 ipsum

203 1333 417 1412 imperatorem
436 1338 572 1397 instituta
586 1338 664 1397 circa
677 1354 792 1396 annum
806 1339 880 1401 966.
923 1358 1007 1409 oum,
1025 1338 1141 1417 inquit,
1164 1337 1299 1397 Christo

200 1417 403 1497 phorifilr'rnn
414 1423 526 1481 Petrus
535 1422 746 1503 Bnlgcmmm
759 1422 892 1482 vadare
902 1424 1058 1503 coaccgem
1069 1422 1196 1482 ducem
1240 1443 1298 1483 no-

202 1502 296 1564 tanda
311 1524 432 1588 qnoque
446 1526 525 1590 qnae
535 1506 651 1568 ibidem
663 1509 822 1587 legunturr
843 1508 882 1568 de
899 1508 1051 1587 ι’πιμνὶαἰί
1066 1519 1162 1567 vesco
1180 1510 1299 1567 nomine

202 1608 319 1670 magna
339 1612 445 1652 suntrrs
468 1596 651 1655 eonnnnbns
663 1594 809 1674 sataguit:
830 1594 895 1672 ipsc
907 1598 986 1654 arim
999 1616 1053 1655 voe
1066 1614 1126 1653 non
1139 1596 1299 1671 imperato-

202 1694 279 1747 rem,
299 1676 337 1735 id
355 1690 399 1736 eet
418 1679 540 1759 pensile
557 1698 617 1739 suc
636 1679 760 1759 tergm,
780 1678 835 1737 red
846 1678 883 1737 ob
897 1681 1134 1759 irrdrgrsoconem
1146 1680 1245 1761 (isira,
1265 1680 1301 1738 id

201 1770 247 1817 est
261 1780 375 1841 regem,
396 1772 499 1823 norm
515 1763 652 1823 sonabat.
697 1765 750 1822 cni
764 1784 834 1822 cum
848 1764 989 1836 dicmur,
1010 1765 1094 1844 quod
1108 1766 1298 1843 signeficans

201 1844 281 1903 rum
300 1866 375 1919 csse,
406 1850 546 1927 quamvis
564 1848 648 1929 quod
665 1848 820 1928 sr'gn‘fiout
835 1848 1005 1907 dicacem..
1047 1847 1117 1909 vids
1143 1858 1297 1929 praeterea

201 1930 387 1991 Glossarium
399 1934 525 1993 biennii
536 1935 570 1991 in
583 1928 723 2015 βασιλεύς
736 1943 765 1993 et
779 1926 847 2014 ρήξ.
888 1934 1012 1993 Duces.

284 2035 317 2095 p·
330 2022 372 2082 36
383 2036 414 2077 v·
430 2016 481 2081 14.
521 2020 699 2101 πορφυρίδα
719 2016 769 2098 rs]
799 2036 842 2077 ex
859 2019 1031 2099 Acropolita
1051 2014 1172 2078 ridetur
1189 2032 1296 2099 excer·

199 2099 295 2179 peiere
309 2120 364 2161 sua
377 2103 525 2182 Gregorns
538 2124 569 2183 p.
583 2108 625 2169 26
646 2108 677 2169 6.
717 2105 797 2162 Aur..

283 2185 326 2247 ib.
371 2190 605 2252 Knvsrmieou
627 2192 684 2251 rori
705 2185 979 2267 Μεσοποταμίην]
1009 2186 1070 2244 tuit
1095 2183 1188 2245 huius
1213 2182 1296 2264 apud

197 2272 347 2331 baseium
364 2274 517 2353 Angelrnn
535 2275 749 2353 imperatorem
768 2290 888 2332 summa
908 2273 1106 2330 familiaritas.
1149 2268 1295 2330 choniata

198 2374 231 2436 p·
247 2356 308 2421 691
330 2358 384 2423 22·
424 2359 535 2419 Alexio
550 2378 621 2419 veru
638 2360 722 2419 illim
736 2359 822 2418 fratri
835 2366 865 2417 et
878 2367 948 2417 ante
961 2359 1161 2438 principatum
1179 2358 1294 2415 inrisus

198 2451 231 2500 et
248 2450 318 2520 post
337 2461 409 2502 enm
427 2463 536 2525 parum
550 2453 668 2526 gratus,
690 2443 772 2526 qnod
784 2445 917 2524 plurima
931 2446 964 2502 in
978 2446 1115 2502 Romana
1127 2463 1160 2500 re
1173 2443 1296 2521 publica

197 2529 342 2588 movisset
355 2539 384 2588 et
396 2529 498 2588 omnia
513 2532 735 2608 conturbasset,
757 2530 870 2590 artibus
880 2539 984 2588 tamen
994 2526 1209 2608 Euphrosynen
1220 2529 1295 2586 Ale-

197 2613 245 2670 xii
259 2615 364 2674 uxoris
376 2617 487 2675 Alexio
500 2618 724 2694 reconciliatus,
746 2635 866 2676 summa
878 2633 979 2675 rernm
992 2612 1032 2674 sd
1044 2615 1131 2674 illam
1143 2614 1294 2690 devoluta,

197 2707 384 2759 cauernmm
397 2703 557 2763 auctoritas
573 2713 604 2762 et
617 2713 813 2782 cognatorum
825 2719 946 2783 quoque
960 2701 1147 2780 imperatoris
1160 2701 1294 2778 potentia

196 2781 332 2860 elanguit
341 2802 351 2858 ς
370 2795 400 2844 et
413 2789 467 2866 qui
479 2785 596 2848 dudrnn
608 2787 646 2846 ab
656 2790 837 2868 imperatore
847 2805 903 2865 pro
914 2783 1012 2844 nihilo
1022 2785 1191 2863 putabatur,
1212 2801 1294 2840 nunc

196 2868 299 2922 omnia
319 2877 453 2946 poterat,
474 2879 505 2928 ct
527 2877 592 2930 arat
612 2891 691 2931 unns
711 2875 806 2932 instar
829 2873 982 2940 cumium3
1004 2887 1084 2928 uuus
1099 2867 1200 2924 omnia
1213 2876 1292 2924 recte

196 2958 344 3023 statuere,
366 2971 444 3010 uuus
465 2956 601 3013 omnium
614 2955 747 3014 moribus
761 2974 795 3013 se
808 2948 1050 3026 accommodare,
1072 2952 1174 3009 omnia
1191 2953 1292 3008 omni·

195 3033 253 3092 bus
265 3053 319 3112 pro
336 3033 480 3114 dignitate
491 3056 580 3113 posse
592 3038 723 3095 tribuere
736 3036 981 3110 existimabatur,
999 3045 1029 3094 et
1047 3035 1085 3093 ab
1105 3037 1292 3115 imperatoris

195 3121 289 3179 latere
311 3139 371 3178 nou
391 3117 573 3179 discedebat.
615 3125 669 3202 qul
685 3141 757 3181 vero
774 3123 908 3200 potentia
922 3119 1112 3195 exciderant,
1135 3139 1224 3199 aegre
1243 3121 1292 3178 fe-

196 3204 319 3281 rebant,
346 3215 416 3266 tum
437 3207 556 3284 cognati
573 3206 788 3284 imperatricis,
814 3205 1004 3266 Andronicus
1022 3204 1290 3283 Contostepbanus,

195 3293 246 3348 cui
258 3294 344 3349 Irene
358 3291 441 3350 illius
454 3289 516 3348 iilia
531 3299 691 3369 nupserat,
711 3300 742 3352 et
755 3291 850 3350 irater
859 3293 943 3351 illius
953 3292 1086 3349 Basilius
1099 3291 1290 3366 carnatem,

197 3378 251 3455 qui
265 3377 358 3436 bilem
372 3395 459 3437 suam
477 3385 579 3434 contre
592 3377 813 3456 imperatricem
834 3387 1045 3450 evomuerturt,
1068 3386 1099 3433 et
1117 3377 1291 3454 imperatori

196 3459 237 3518 ad
253 3461 445 3522 Occidentem
457 3462 573 3521 abituro
587 3463 673 3541 plura
686 3463 836 3521 referunt:
856 3481 889 3520 se
910 3462 980 3540 plus
995 3462 1140 3520 Alexium
1152 3459 1289 3538 diligere,

196 3566 215 3604 e
236 3548 321 3605 cuius
340 3547 436 3606 salute
450 3549 571 3627 propria
588 3567 708 3629 quoque
721 3548 805 3606 salus
819 3545 986 3626 pendebat,
1008 3564 1100 3626 quarn
1111 3543 1289 3624 Euphrosy-

194 3647 268 3688 nem
283 3632 357 3688 citra
374 3633 469 3691 ullam
481 3631 693 3692 verecundiam
706 3635 740 3690 in
755 3634 928 3714 turpissima
947 3633 1081 3690 facinora
1098 3630 1290 3690 delabentem

195 3723 228 3774 et
242 3711 397 3775 adulteriis
412 3715 581 3778 thalamum
593 3721 813 3799 inquinantem.
855 3737 928 3776 nam
942 3737 1013 3775 cruu
1025 3735 1086 3796 quo
1097 3713 1289 3794 impudenter

195 3799 382 3877 concumbit,
403 3819 474 3862 eum
493 3807 587 3864 etiem
606 3802 646 3862 ad
665 3805 827 3882 imperium
843 3813 980 3863 erectum
993 3803 1082 3860 velle.
1124 3818 1217 3882 quare
1230 3817 1289 3877 po-

194 3888 289 3944 tentia
299 3887 434 3946 mulieris
444 3889 668 3969 restringenda,
694 3899 840 3958 amatore
852 3887 954 3946 medic
965 3883 1133 3959 tollendus,
1151 3905 1190 3941 ne
1202 3893 1288 3962 post-

194 3967 253 4028 hac
274 3972 373 4031 simile
393 3973 546 4052 piaculum
567 3975 750 4034 admittetur.
794 3970 881 4032 dictis
896 3971 1071 4051 indignatur
1084 3972 1214 4048 graviter
1227 3970 1288 4026 im-

194 4067 328 4134 perator,
358 4065 388 4116 et
407 4067 475 4136 post
493 4062 621 4120 Batauii
642 4059 840 4120 adolescentis
857 4055 996 4130 caedem,
1017 4057 1108 4133 regiis
1127 4054 1288 4133 spoliatam

194 4141 328 4200 restibus
348 4143 381 4200 in
401 4145 620 4222 Neruulariam,
641 4144 788 4204 muliebre
800 4142 1015 4202 monasterium
1028 4143 1105 4200 circa
1116 4141 1206 4198 Ponti
1218 4139 1287 4196 lau-

195 4243 246 4283 ces
258 4227 360 4302 situm,
380 4229 601 4306 imperatricem
616 4231 724 4290 abduci
738 4231 831 4290 iubet.
863 4238 931 4308 post
945 4245 1001 4286 sex
1013 4245 1132 4286 menses
1145 4221 1288 4304 Euphro-

194 4329 269 4391 syne
294 4308 463 4372 delatorum
488 4317 576 4376 noris
602 4317 757 4378 conatibus
780 4326 812 4375 et
833 4314 1022 4374 Constantini
1041 4312 1288 4392 Mesopotaruitae
