3100 4850
515 304 817 373 scitot’omstt
840 304 992 373 NOTAE.
1169 301 1192 317 “
1227 300 1302 373 265

289 492 321 551 p·
332 466 468 537 titus.
489 462 633 549 Ἆμήρας]
649 466 732 547 apud
738 465 1302 572 cedrenupsltiostamzonemmulios-

205 576 264 637 que
284 558 413 615 Graecos
437 557 501 613 eius
525 564 614 613 notae
637 556 796 631 scriptores
814 548 949 636 Ἀμηρας
969 556 1143 634 saepissime
1164 553 1300 613 occurrit.

206 644 298 699 etiam
312 640 391 720 apud
407 642 541 699 Latinos.
585 658 625 697 ax
643 640 682 697 iis
701 658 797 697 mrmn
817 637 1007 699 solummodo
1026 639 1209 717 producam,
1230 639 1301 719 quia

206 746 253 787 res
275 730 351 785 tauti
369 744 432 785 nou
453 735 508 785 est.
557 724 731 803 sigebertus
764 724 990 783 Gemblaceusis
1013 723 1053 781 ad
1081 745 1194 785 sunum
1221 724 1301 787 647:

205 813 302 871 Persa
321 810 447 890 quidum
466 808 615 869 circulans
633 830 664 867 cs
677 807 753 867 cette
764 808 893 867 adorare
903 811 1049 867 Haumur
1058 813 1190 869 arsuram
1207 809 1304 867 Sara-

205 917 358 968 cenorum,
385 896 477 971 infixo
496 897 530 953 s'n
550 906 681 954 ventrem
703 896 766 952 cius
785 894 892 973 gladio
904 895 1033 971 peremit
1046 913 1125 953 cum.
1168 898 1244 953 item
1264 892 1305 951 sd

206 1002 320 1039 suumn
333 984 412 1047 766:
440 981 651 1039 Constantinus
669 981 830 1057 imperator
850 989 879 1037 et
898 977 1077 1037 Habdallus
1099 984 1214 1039 caurus
1230 981 1305 1057 puri

205 1068 351 1125 vaesania
373 1068 406 1123 irs
423 1064 598 1124 orthodoxos
622 1065 806 1123 dmaevs'unt.
862 1074 908 1123 est
929 1074 1032 1123 autem
1052 1066 1152 1121 amna
1174 1065 1303 1123 Arabico

205 1152 351 1211 vocabulo
370 1150 540 1230 praefectus
563 1153 723 1228 imperium
745 1148 890 1209 obtinens.
945 1146 1017 1207 hinc
1035 1149 1218 1207 mavum
1241 1151 1305 1207 siva

205 1237 402 1295 muravissus
424 1232 506 1315 apud
525 1238 683 1315 scriptores
707 1233 937 1314 expeditionum
953 1234 1303 1313 Hierosolymitauarum.

206 1318 289 1401 apud
301 1340 395 1401 quos,
427 1330 462 1379 ut
483 1330 514 1379 et
532 1324 566 1379 in
584 1323 647 1379 vita
664 1322 768 1382 sancti
787 1317 951 1394 Ludovioi,
972 1319 1303 1393 amministrante,

206 1404 289 1487 apud
302 1407 378 1466 alios
393 1417 595 1477 ammarum,
621 1408 696 1465 item
709 1405 881 1468 αἰωνίαν
900 1416 931 1464 et
942 1406 1105 1465 murus.
1147 1404 1181 1461 iu
1194 1404 1303 1463 Ottouo

205 1492 390 1570 Frisingensi
410 1501 455 1551 est
472 1490 663 1551 admiraldus
685 1489 724 1550 ad
745 1510 859 1550 anuum
881 1492 980 1555 1101:
1008 1488 1049 1551 ab
1068 1488 1180 1552 Atera
1200 1488 1304 1546 Mens-

200 1576 370 1656 pharorum
391 1578 457 1656 regi
475 1598 529 1639 seu
551 1577 723 1637 admuatdo
738 1578 935 1656 praesentati.
989 1577 1101 1656 aliique
1126 1575 1304 1633 recentiores

205 1683 325 1721 amaras
336 1680 390 1740 pro
404 1664 533 1722 Tuscico
545 1666 724 1740 imperatore
739 1672 893 1740 usurpant.
937 1672 967 1719 et
980 1663 1104 1720 arabum
1120 1659 1303 1739 principibus

205 1766 324 1805 amarae
339 1748 572 1824 appellationem
590 1766 662 1824 prae
684 1748 809 1805 caeteris
831 1766 951 1824 semper
962 1749 1095 1805 arrisisse
1112 1744 1191 1803 docti
1207 1763 1303 1804 anuo-

205 1842 316 1891 taruut.
359 1830 430 1889 biuc
445 1842 475 1889 et
487 1830 568 1910 apud
581 1832 740 1910 plerosque
752 1833 924 1910 Europaeos
938 1830 1052 1889 amuel
1061 1850 1116 1909 pro
1128 1828 1304 1889 tlralessisr·

206 1914 263 1977 cho
278 1937 332 1975 seu
347 1916 496 1994 praefecto
510 1920 611 1975 maris.
655 1914 723 1975 vide
740 1918 798 1975 viri
814 1919 919 1995 magui
937 1925 1025 1975 notas
1036 1919 1069 1973 iu
1083 1915 1302 1994 curopalatem,

205 2012 237 2061 et
247 2004 370 2061 Meursii
388 2002 573 2061 Glossarium
587 2004 620 2063 in
637 1995 770 2083 α’μηρᾶς,
793 1993 944 2084 α’μηραῖς,
965 1994 1133 2085 ν’μηρᾶλιος
1145 2011 1175 2059 et
1188 1994 1303 2081 ἆμηρα-

205 2086 266 2150 tta.
308 2088 431 2146 Douss.

290 2170 331 2231 ib.
347 2192 377 2231 v.
395 2172 445 2237 18.
491 2162 683 2249 Πελᾶρπακις
703 2180 749 2229 est
763 2167 970 2248 Beglerbegus
983 2166 1065 2247 apud
1079 2169 1195 2229 Turcos
1212 2166 1303 2248 (quos

204 2254 256 2315 hic
270 2258 376 2315 Persas
392 2264 476 2315 vocat
486 2254 678 2335 Logotbeta),
701 2251 855 2333 dignitatis
866 2274 978 2314 nomeu
995 2254 1068 2317 sats
1081 2265 1197 2318 notum.
1216 2254 1304 2332 Beg-

205 2339 320 2419 lerbegi
331 2340 477 2419 significat
491 2336 631 2421 ἄρχοντες
646 2334 816 2419 ἀρχόντων,
836 2339 951 2397 domini
961 2339 1168 2412 dominatuum
1200 2340 1305 2417 stipsi

205 2429 324 2486 Bassus
345 2427 497 2506 appellati.
539 2428 573 2488 iu
598 2445 646 2488 ms
672 2423 819 2486 Chronico
845 2426 1003 2505 cpolitano
1030 2423 1113 2503 apud
1137 2427 1305 2486 Meursium

205 2516 440 2593 Μπεγλερμπεῑς
452 2511 606 2585 scribitur3
637 2521 667 2570 et
682 2530 771 2589 saepe
784 2511 828 2568 ibi
843 2513 979 2569 occurrit.
1021 2509 1092 2569 tide
1105 2512 1303 2571 Glossarium.

204 2609 326 2675 praetor
347 2599 488 2656 Graeciae
512 2594 688 2669 historicus,
715 2596 898 2654 Leunclssio
918 2599 1038 2675 saepius
1057 2595 1216 2671 laudatus,
1239 2599 1303 2658 He-

204 2675 370 2760 κλᾶρπακις
384 2683 501 2756 scribit,
524 2693 555 2741 et
567 2681 639 2742 dicit
655 2679 908 2761 Beglerbegorum
923 2683 1054 2758 officusm
1065 2683 1240 2759 respondere
1253 2681 1304 2746 dt-

202 2768 320 2844 gru‘tatt'
332 2766 382 2828 vel
394 2768 490 2843 efficio
504 2770 630 2826 murati
640 2766 902 2844 stratopcdarclrac
916 2767 1012 2846 (idem
1025 2765 1077 2824 hic
1088 2769 1188 2831 innuit
1198 2768 1302 2842 Logo-

205 2847 318 2926 theta),
349 2869 441 2928 quem
459 2871 540 2908 nuuc
557 2851 733 2910 Generalem
752 2852 853 2928 campi
864 2870 970 2910 vocare
982 2852 1124 2910 solemus.
1167 2847 1235 2912 vide
1252 2853 1303 2907 in-

205 2933 414 3012 comparabilts
428 2936 485 2992 viri
495 2933 668 2994 Psudecteu
681 2939 793 2997 llistor.
805 2937 898 2996 Tura.
912 2953 978 3015 cap.
995 2934 1054 3010 14,
1080 2935 1134 2994 ubi
1150 2945 1182 2996 st
1197 2935 1303 3002 emim

205 3019 339 3097 exponit.
381 3020 504 3077 Douss.

290 3123 321 3183 p·
339 3103 399 3170 148
413 3121 443 3162 v.
457 3103 508 3167 16.
550 3101 570 3168 d
588 3107 679 3179 auria
696 3107 752 3186 τῆς
772 3099 871 3186 αὐλῆς
892 3124 1003 3166 nomeu
1017 3104 1173 3186 dignitatis
1185 3106 1219 3164 in
1231 3104 1303 3167 aula

206 3189 373 3268 cpolitano,
396 3189 479 3248 cuius
491 3189 629 3252 meminit
638 3187 781 3267 cedinus,
804 3189 842 3250 de
856 3193 1042 3256 vestimentis
1055 3194 1125 3251 cius
1139 3200 1170 3250 et
1183 3199 1301 3254 ornatu.

206 3273 262 3334 sed
284 3274 403 3336 nullum
421 3293 530 3334 munus
550 3293 604 3340 suo
624 3283 759 3355 tempore
780 3276 874 3339 faisse
889 3278 1002 3339 scribit.
1044 3297 1106 3336 nou
1120 3275 1192 3336 satis
1205 3276 1304 3354 liquet

206 3377 246 3416 au
259 3357 348 3418 huius
355 3362 450 3418 Talae
462 3361 575 3418 mentio
589 3358 641 3417 fiat
652 3362 685 3418 iu
698 3360 858 3441 depravata
870 3364 965 3420 veteri
977 3364 1169 3441 inscriptione
1177 3361 1301 3434 Graeca,

207 3463 299 3522 quem
318 3443 394 3504 haec
412 3446 499 3504 uobis
517 3443 730 3512 meditantibus
746 3449 896 3524 suggessit
911 3448 1088 3525 multiiugae
1103 3449 1239 3505 lectionis
1255 3447 1302 3502 vir

205 3527 343 3608 mihique
358 3533 555 3590 amicissimus
565 3532 671 3589 Petrus
686 3531 870 3596 Scriverius:
892 3535 1164 3597 ΕΤΕΙΜΗΣΑΝ.
1183 3535 1303 3596 ΤΑΤΑ.

206 3616 247 3676 Ν.
279 3617 332 3678 ΟΙ.
361 3619 530 3677 mutatu.
561 3619 768 3680 ΒΑΤΑΚΗΣ.
799 3619 880 3678 ΚΑΙ
902 3620 1060 3680 ΑΠΟΦΗ.
1090 3618 1302 3678 Κ-ΓΓΝΒΑ·

205 3701 315 3758 ΒΕΙΣ.
338 3702 539 3762 ΜΝΗΜΗΣ
558 3703 699 3762 ΧΑΡΙΝ.
742 3710 827 3760 extat
843 3703 877 3760 in
892 3701 1018 3760 Carula
1029 3705 1062 3760 iu
1075 3702 1208 3774 Galatia,
1229 3718 1303 3778 prov

207 3781 349 3862 ducitque
369 3803 410 3848 ex
430 3783 548 3844 schedis
563 3786 782 3866 Busbequianis
796 3788 832 3845 V.
847 3787 881 3844 (l.
896 3798 927 3845 et
941 3786 979 3845 de
993 3787 1146 3865 republica
1158 3785 1304 3844 litteraria

206 3869 319 3945 optime
334 3870 459 3927 meritus
471 3874 562 3929 lanus
575 3873 734 3948 Gruterus,
757 3873 946 3951 Inscription.
961 3892 993 3951 p.
1009 3873 1090 3936 1128
1104 3875 1135 3934 2.
1157 3871 1282 3928 Douss.

289 3971 320 4031 p·
338 3952 397 4017 149
415 3973 444 4012 v·
461 3956 510 4020 18.
532 3952 608 4018 sosoi
622 3960 715 4020 satira
728 3953 762 4018 di
775 3955 827 4020 aul
841 3953 878 4018 rc*
892 3960 949 4020 soti
961 3953 1145 4037 Δυρραχίου]
1166 3955 1304 4014 obdunt

205 4036 357 4095 Gomneua
371 4037 512 4100 Alexisd.
523 4040 576 4100 lib.
596 4045 635 4104 12
652 4052 682 4100 at
699 4043 749 4106 13.
792 4045 870 4108 Ass,

292 4141 322 4201 p·
338 4123 399 4186 tto
413 4143 443 4182 v-
460 4126 509 4189 16.
551 4119 738 4192 τούντεῦθεν
757 4125 801 4199 εἷς
821 4120 1026 4202 ἀποστασίαν]
1049 4125 1197 4202 Gregorss
1210 4122 1265 4182 tib.
1282 4125 1304 4184 3

205 4205 294 4286 1¹·56
314 4213 334 4272 2
355 4208 454 4266 ieiune
470 4208 645 4270 admodum.
667 4213 764 4271 fusius
778 4209 992 4290 Pacbymerius
1005 4210 1060 4273 lib·
1077 4213 1092 4271 1
1110 4229 1137 4268 c.
1152 4211 1205 4272 30.
1224 4210 1304 4266 Act..

290 4311 320 4372 Ρ.
339 4291 399 4356 1⁵4
411 4313 441 4353 v·
457 4299 488 4358 6.
532 4292 596 4360 ὅδὲ
610 4292 791 4377 duumuir]
817 4297 964 4376 Gregoras
978 4316 1009 4375 p.
1028 4296 1069 4362 66
1093 4296 1144 4364 10.
1172 4312 1214 4354 ex
1227 4293 1305 4352 Gre-.
