3100 4850
205 288 280 373 220
607 288 652 355 IN
676 286 904 355 GEORGlUll

259 497 270 527 ,
289 475 321 536 p.
338 456 376 519 10
391 472 421 512 r.
439 453 489 517 14.
530 454 670 531 despctce
686 454 820 527 nomine,
841 449 924 533 quod
937 452 970 510 in
983 446 1042 511 hoc
1057 453 1162 523 libello
1176 456 1299 535 saepius

204 543 341 612 occurrit,
363 540 395 597 iu
409 540 477 597 aula
492 538 647 617 Cpolitana
659 539 841 598 vocabantur
853 538 907 596 filii
924 538 1029 597 fratres
1044 544 1147 615 generi
1163 543 1297 620 impera-

202 628 290 697 toris,
313 624 542 699 sebastocrator,
564 625 673 683 Caesar
685 634 715 683 et
728 621 923 702 patriarchae.
965 622 1020 683 sed
1039 620 1114 685 sard
1131 624 1238 705 ἔξοχὴν
1252 631 1295 685 ita

204 709 300 769 dictus
315 710 371 767 fuit
386 712 505 789 imperii
520 730 687 784 successor,
716 708 847 767 filiorum
860 720 934 766 natu
948 711 1111 767 maximus.
1153 730 1295 769 nonnun-

203 814 296 874 quam
310 804 339 851 et
357 795 422 852 aliis
436 794 619 875 principibus
632 796 780 853 amicitiae
793 804 844 851 aut
857 793 1010 851 affinitatis
1025 813 1096 872 ergo
1111 793 1295 854 deferebant.

201 898 278 959 quaa
289 880 387 937 omnia
399 882 616 939 accuratissime
623 881 770 939 bleursius
781 880 949 937 observavit
958 882 990 936 in
999 879 1159 938 Glossario.
1171 883 1294 957 Dopss.

287 962 327 1021 ib.
349 983 380 1023 r.
406 968 455 1027 18.
511 958 627 1045 κρᾶλης
647 985 708 1021 rex.
767 962 850 1021 idem
877 962 959 1042 quod
986 964 1169 1045 Polonprum
1191 967 1295 1043 lingua

206 1048 287 1109 emt.
305 1045 359 1111 ro'u
374 1044 490 1128 κρᾶλην
506 1052 634 1129 Σερβίας
646 1046 832 1127 Nicephorus
845 1050 992 1126 Gregoras
1004 1068 1067 1106 non
1085 1051 1183 1107 semel
1193 1054 1295 1109 nomi-

202 1144 265 1193 nat.
307 1145 338 1193 et
354 1130 498 1213 depellor
513 1130 663 1216 Odyyplor
680 1137 713 1192 in
728 1137 841 1193 sancito
861 1131 994 1213 quodam
1012 1133 1197 1211 patriarchae
1219 1154 1296 1193 ano-

201 1221 287 1299 nymi
302 1216 383 1299 apud
396 1220 613 1279 Leunclarium
626 1222 658 1277 in
671 1222 735 1277 iure
751 1220 1040 1277 Graeco-Romano.
1082 1214 1230 1300 κράλαινα
1246 1241 1295 1276 re-

199 1307 277 1383 gina
292 1306 442 1383 Gregoiae
459 1306 512 1363 lib.
528 1310 547 1369 7
571 1315 600 1363 et
613 1305 750 1382 scollata
771 1306 805 1361 in
818 1301 965 1363 Chronico
982 1304 1138 1381 cpolitano
1153 1325 1201 1363 ms
1213 1303 1297 1383 apud

201 1392 377 1447 hlaursium.
419 1392 538 1449 Nicetes
549 1390 582 1447 in
597 1390 706 1449 Alexio
720 1390 873 1447 Comnano
887 1388 941 1445 lib.
958 1391 1109 1452 Stertiam
1121 1391 1187 1446 eius
1201 1388 1296 1447 filiam

201 1479 324 1533 nomine
340 1471 514 1547 Eudociam,
529 1476 596 1553 ipso
612 1472 710 1531 adhuc
722 1472 927 1532 Andronicum
940 1474 1073 1550 fugiente
1084 1484 1113 1532 et
1124 1475 1295 1533 Palaestina

203 1557 285 1637 apud
298 1559 464 1617 ismaelitas
479 1560 644 1633 oberrante,
671 1559 707 1617 ab
720 1562 833 1617 lsaacio
843 1570 949 1636 patruo
965 1559 1040 1638 (non
1052 1568 1147 1636 patre,
1172 1560 1217 1616 uti
1230 1560 1294 1617 Lo-

202 1641 338 1723 gotheta)
356 1641 509 1722 Stephano
521 1645 582 1703 lilio
598 1646 743 1703 Neemani
756 1644 961 1701 Triballorum
972 1646 1099 1721 principi
1114 1642 1296 1722 desponsam

203 1730 316 1787 scribit.
366 1728 493 1787 moolli·
503 1732 596 1808 igitur
610 1740 640 1787 et
659 1730 757 1787 Servii
771 1728 877 1787 iidem.
922 1726 1010 1787 Sardi
1023 1730 1122 1787 Plinio
1135 1739 1205 1787 suut
1216 1747 1294 1805 gen-

202 1824 248 1873 tes
271 1814 348 1873 circa
368 1816 520 1873 Maeotim.
542 1812 636 1873 iidem
660 1834 728 1873 cum
751 1812 874 1871 Sorobis
891 1813 1001 1872 0rtelio
1014 1811 1162 1871 ridentur.
1190 1813 1296 1889 ,Serbr'

159 1906 162 1911 '
202 1896 337 1957 cedreno
352 1910 422 1957 sunt
434 1902 511 1957 circa
524 1900 717 1973 Dalmatiam,
728 1918 803 1979 quos
817 1896 889 1956 dicit
904 1916 1024 1977 quoqne
1041 1898 1169 1976 Scythas
1182 1900 1294 1956 vocari.

205 1986 343 2042 Servium
356 1983 511 2045 Dardanos
530 1982 680 2045 habitasse
694 1984 796 2043 scribit
809 1985 1019 2043 Volaterranos
1040 1992 1069 2040 et
1084 1983 1293 2062 Guspinianus.

201 2070 367 2127 Dardaru'u
379 2071 554 2130 Ptolomaeo
572 2072 676 2131 Oroslo
697 2080 728 2127 et
746 2070 813 2127 aliis
827 2071 964 2146 Europae
976 2069 1075 2145 regio,
1098 2086 1175 2146 quae
1189 2070 1295 2145 Mysia

198 2155 415 2217 mediterranea
429 2165 552 2215 vocatur
567 2156 600 2212 in
615 2152 726 2213 codice.
769 2154 891 2233 Illyriae
902 2172 971 2231 pars
985 2164 1031 2210 est
1041 2153 1169 2210 Aeliano
1185 2156 1217 2210 in
1233 2155 1293 2210 Va-

200 2242 252 2298 riis
268 2250 298 2297 et
310 2240 431 2299 Nicolao
445 2238 526 2318 apud
537 2240 710 2301 stobaeum.
754 2239 869 2317 Σερβία
887 2235 978 2295 habet
995 2235 1177 2316 Sophianus.
1227 2239 1295 2295 Tri-

200 2323 278 2381 balli
288 2326 419 2383 Moesiae
436 2324 585 2383 inferioris
597 2326 702 2403 populi
715 2335 785 2382 sunt
798 2325 897 2382 Plinio
911 2322 1083 2380 Ptolemaeo
1101 2332 1131 2380 et
1143 2322 1300 2396 Straboni,¹

201 2411 255 2489 qui
268 2429 319 2468 eos
334 2408 406 2469 dicit
418 2407 458 2468 ad
472 2412 604 2470 insulam
615 2408 747 2468 Danubii
760 2411 880 2466 Peucen
891 2410 1072 2487 pertingere.
1099 2405 1156 2465 hos
1172 2417 1201 2466 et
1217 2407 1293 2485 Scy-

199 2493 270 2552 tlrus
284 2494 409 2573 quidam
422 2505 539 2554 vocant.
586 2495 686 2552 Servii
701 2493 839 2552 dicuntur
851 2513 870 2550 a
881 2497 1001 2567 Niseia,
1031 2492 1085 2552 sed
1102 2491 1255 2571 Bulgures
1275 2512 1293 2550 ι

199 2581 331 2637 Leonico
354 2577 560 2658 chalcoudyla
581 2578 734 2660 Sophiano
755 2579 848 2636 Lazio
873 2588 903 2636 et
924 2579 1003 2636 aliis.
1046 2577 1084 2636 de
1109 2579 1222 2636 Ser-viis
1242 2576 1293 2636 adi

198 2661 365 2722 Pandectas
380 2665 523 2722 Turclcas
535 2665 710 2722 Leunclarii
725 2683 790 2741 cap.
807 2668 859 2726 87.
900 2664 1023 2722 Dones.

282 2747 324 2806 ih.
349 2769 379 2807 v.
403 2751 453 2812 18.
496 2747 547 2812 lut
565 2771 625 2810 cuc
647 2745 680 2812 dl
699 2743 812 2826 πάθει]
835 2767 900 2805 rem
918 2749 1108 2828 prosequitur
1127 2749 1292 2806 accuratius

197 2835 303 2893 Niceta
316 2833 369 2892 lib.
383 2837 403 2897 8
420 2833 459 2894 de
471 2834 581 2894 Alexio
596 2833 759 2909 comneno,
783 2835 904 2890 tertiam
916 2835 1010 2890 liliam
1021 2831 1200 2907 Eudociam,
1223 2851 1292 2891 cum

198 2915 298 2978 adhuc
309 2919 516 2980 Andronicum
526 2921 644 2999 fugeret
658 2929 687 2977 et
702 2917 784 2998 apud
795 2919 953 2978 ismailitas
966 2928 996 2976 et
1008 2918 1222 2978 imPalaestina
1236 2917 1292 2976 ab·

199 3014 308 3064 erraret
322 3005 466 3079 Alexius,
487 3009 635 3064 haaoium
647 3005 771 3064 fratrem
782 3001 936 3082 Stephano
950 3004 1110 3061 Neomenis
1121 3002 1199 3076 filio,
1218 3003 1292 3060 Tri-

198 3090 346 3150 ballorum
359 3091 487 3168 principi
500 3089 711 3170 despondisse,
740 3091 794 3170 qui
811 3099 879 3166 post
894 3091 1040 3166 exiguum
1051 3098 1170 3168 tempus
1184 3090 1217 3144 in
1231 3089 1291 3144 Pa-

199 3176 285 3252 pyrio
300 3185 402 3232 moute
418 3173 583 3238 monachus
601 3175 651 3250 fit3
678 3175 775 3233 lilium
795 3175 878 3232 illim
898 3171 1006 3232 eodem
1022 3177 1145 3231 nomme
1161 3169 1293 3250 Stepha-

198 3279 289 3332 num,
321 3261 439 3338 patemi
457 3261 641 3338 principatus
661 3259 782 3318 domina
800 3257 936 3318 Eudocia
957 3256 1125 3332 declarata,
1154 3276 1222 3315 eam
1234 3257 1292 3314 sibi

197 3345 334 3402 iunxisse
352 3363 393 3402 ex
408 3363 504 3424 caque
522 3345 600 3404 lilios
618 3346 802 3424 suscepisset
833 3341 1027 3422 postmodum
1044 3341 1161 3400 divulso
1183 3361 1293 3422 quere-

197 3431 306 3490 moniis
321 3448 439 3503 amore,
469 3449 539 3492 cum
551 3432 627 3489 alter
640 3431 726 3488 alteri
740 3431 923 3488 incestuosus
938 3447 1054 3486 amores
1068 3427 1210 3487 obiiceret
1226 3447 1292 3484 cre-

196 3523 351 3594 sceretque
366 3517 399 3574 iu
414 3513 478 3574 dies
493 3513 667 3590 dissidium,
695 3512 899 3593 Stephanum,
925 3517 989 3574 sive
1003 3512 1127 3570 conficto
1140 3514 1204 3570 sire
1221 3531 1292 3570 vera

196 3600 313 3660 obiectu
329 3597 470 3658 adulterii
483 3601 626 3674 munina,
658 3598 825 3660 llndociam
843 3600 908 3657 sola
922 3599 1006 3658 tenui
1020 3598 1167 3673 interula,
1197 3616 1292 3677 eaque

197 3684 331 3766 undique
345 3685 494 3763 praecisa,
524 3695 557 3746 ut
580 3687 633 3748 vix
645 3683 802 3764 pudendas
815 3694 915 3762 partes
929 3693 1060 3761 tegeret,
1082 3684 1292 3761 ignominiose,

196 3789 256 3852 quo
277 3772 399 3834 libitum
419 3779 498 3834 esset
522 3771 603 3828 abire
626 3772 825 3842 amoenius,
852 3769 977 3827 fratrem
991 3766 1139 3847 Stephani
1152 3769 1293 3828 Volscum

195 3861 261 3916 eius
274 3854 493 3916 inhumanitate
511 3856 666 3932 obiurgata
683 3874 782 3913 orasse
797 3864 832 3912 ut
844 3852 981 3932 deposita
992 3852 1163 3926 iracundia,
1194 3863 1225 3910 et
1237 3870 1293 3930 ge-

194 3944 275 4002 neris
285 3939 436 4000 lludociaa
454 3937 557 3999 habita
576 3943 708 4014 ratione,
738 3940 914 3998 clementius
932 3949 1034 4016 ageret
1054 3949 1085 3995 et
1102 3938 1201 3996 famae
1220 3956 1293 3995 suae

196 4027 374 4101 consuleret,
396 4024 452 4085 sed
464 4046 532 4086 cnm
546 4027 702 4104 ingenium
714 4025 797 4083 illius
807 4023 998 4102 implacabile
1010 4041 1131 4081 movere
1146 4042 1209 4081 non
1221 4041 1294 4099 pos-

197 4122 252 4185 set,
274 4114 373 4190 ipsam
386 4109 570 4185 Eudooiam,
590 4121 624 4170 ut
638 4110 769 4190 dignitas
785 4111 849 4166 eius
864 4110 1050 4186 postulabat,
1071 4104 1294 4185 Dyrrhachium

196 4193 419 4276 perducendam
433 4217 561 4270 curasse,
571 4207 688 4274 patrem
699 4195 846 4254 Alexium
858 4197 1015 4252 certiorem
1027 4189 1187 4266 redditum,
1199 4192 1293 4249 filiam

197 4283 302 4348 lectica
323 4283 450 4364 aliisque
473 4284 656 4348 ornamentis
678 4278 875 4346 muliebribus
893 4280 1009 4356 musis,
1036 4279 1070 4336 iu
1083 4275 1192 4336 aedem
1205 4296 1293 4336 suam
