3100 4850
505 353 806 422 ACROPOLlTAlll
829 356 982 423 NOTAE.
1212 357 1287 431 211

184 518 371 595 pernionum
394 518 504 577 deesse
526 539 645 593 nomen;
667 540 793 599 nemque
813 542 834 578 α
862 524 968 583 diercis
986 540 1045 582 ereo
1058 524 1219 585 temeritate
1232 545 1286 585 ca-

183 614 275 683 ptum
287 606 447 683 imperator
461 624 576 683 niagno
589 606 773 683 vipecnnr'ae
788 606 923 683 impenso
935 608 1107 669 redemerat.
1153 613 1285 691 quiper-

187 691 263 747 rimo
284 692 341 776 ve'r(
353 690 472 767 iugenio
491 691 666 768 piissimum
691 690 1046 773 indulgentissimumque
1060 695 1194 776 fratrem
1216 696 1284 755 dolo

187 784 311 851 captum
332 785 580 855 excaecatumque
598 776 687 833 mute
705 777 737 832 in
761 796 923 848 carcerem,
951 780 1113 859 eodemque
1134 783 1285 859 impietate

186 858 332 917 Aletrium
360 870 506 937 nepotem,
536 858 628 919 Iaocls
652 862 805 941 genitum,
831 882 928 921 annos
956 864 1112 922 duodecem
1130 878 1283 945 agentem,

187 946 249 1001 urei
261 944 348 1025 suga
370 944 490 1021 elopem
507 942 641 1023 suisset,
672 965 828 1003 excaecare
853 958 910 1005 out
932 949 1096 1022 interficere
1122 954 1280 1028 quaesivit.

185 1026 346 1107 perductus
371 1031 401 1087 in
421 1028 557 1089 Siciliam
576 1030 703 1089 Alexius
721 1049 798 1110 puer
820 1050 838 1088 a
860 1050 960 1093 sorore
980 1036 1066 1092 irene
1087 1037 1230 1113 recipitur
1252 1047 1282 1095 et

185 1112 327 1193 Philippo
342 1116 450 1172 marito
468 1113 709 1189 commendatur,
730 1126 764 1173 ut
778 1116 857 1195 patri
869 1135 924 1177 suo
938 1138 993 1197 pro
1006 1118 1087 1177 virili
1101 1138 1191 1198 opem
1204 1121 1282 1180 ferat

185 1199 277 1257 simul
292 1209 322 1258 et
336 1200 462 1278 imperio
477 1210 506 1259 et
523 1200 616 1259 oculis
630 1202 763 1279 privato,
788 1211 818 1259 et
834 1202 959 1261 fratrem
973 1222 1093 1285 quoque
1104 1205 1188 1263 iuret
1202 1225 1281 1263 exu-

185 1284 247 1341 lem
269 1293 299 1341 et
319 1295 481 1343 extorrem.
524 1282 572 1343 llis
587 1284 640 1343 ille
655 1288 861 1365 praemunitus
875 1288 969 1347 literis
983 1286 1023 1346 ad
1036 1308 1189 1347 summum
1201 1308 1280 1369 pon-

184 1368 296 1426 illicem
323 1378 353 1427 et
377 1388 480 1447 regem
509 1370 686 1429 Alemaniae
704 1368 883 1451 Philippum
902 1371 1106 1453 progreditur,
1133 1392 1153 1431 a
1171 1374 1280 1455 quibus

185 1452 326 1515 classium
340 1456 514 1533 praelectis,
538 1458 590 1537 qui
604 1453 644 1513 ad
654 1457 858 1515 Palaestinam
872 1457 1104 1534 contendebant,
1126 1478 1280 1517 commen·

184 1534 285 1613 datur,
308 1550 441 1613 meum,
463 1542 489 1600 si
501 1540 565 1599 steri
577 1551 687 1619 posset,
709 1544 741 1600 in
758 1546 890 1621 patriam
901 1545 1062 1624 imperium
1080 1547 1279 1604 restituerent.

183 1632 214 1681 et
233 1634 375 1703 exceptus
395 1623 611 1685 humanissime
637 1629 752 1706 pepigit
773 1638 803 1686 et
826 1641 1012 1688 sacramento
1034 1630 1163 1688 firmarit
1188 1648 1224 1689 ea
1245 1649 1279 1689 se

181 1710 387 1787 praebiturum
406 1730 484 1791 quoe
503 1713 557 1769 rix
576 1709 615 1769 ad
633 1713 748 1769 exitum
762 1710 887 1791 perduci
900 1723 1053 1793 poterant:
1074 1734 1147 1773 uam
1161 1725 1279 1794 praeter

181 1798 376 1872 pecuniarum
406 1814 525 1855 acervos
556 1796 704 1853 auxilium
726 1806 827 1855 contra
847 1798 1026 1857 Sarracenos
1048 1818 1116 1857 oum
1136 1801 1279 1857 Romanis

180 1880 327 1939 militibus
345 1889 374 1939 et
387 1881 604 1961 quinquaginta
620 1881 791 1939 triremibus
802 1884 954 1960 promisit,
977 1892 1007 1940 et
1017 1884 1192 1941 Latinorum
1205 1884 1279 1941 reli-

181 1966 303 2041 gionem
333 1965 492 2042 amplexus
518 1964 742 2042 privilegiorum
771 1966 899 2023 Romani
926 1966 1074 2047 pontificis
1101 1969 1226 2047 eiusque
1245 1969 1279 2024 iu

181 2046 326 2107 Orientali
340 2050 466 2127 imperio
481 2050 663 2107 auctoritatis
674 2052 893 2108 restitutionem
904 2052 1070 2130 pollicetur,
1086 2052 1278 2129 promittens,

180 2134 271 2192 rerba
294 2143 364 2191 smrt
385 2135 554 2192 Innocentii
576 2153 673 2213 papae
693 2136 820 2213 epistola
841 2133 881 2193 ad
901 2137 1046 2195 Alexium
1066 2138 1279 2215 imperatorem

180 2218 387 2297 cpolitanum,
410 2238 485 2299 puer
496 2238 606 2298 nempe
619 2219 763 2293 Alexim,
787 2220 871 2299 quod
883 2230 947 2278 tom
957 2224 990 2279 in
1003 2218 1171 2279 subsidium
1182 2231 1278 2278 terroe

179 2313 302 2361 sauctae
314 2324 407 2383 quum
422 2306 454 2363 in
472 2300 606 2381 e'xpeusr's
627 2314 655 2361 et
681 2304 831 2363 donativis
845 2307 887 2363 eie
901 2305 1062 2385 nmgur'fice
1077 2305 1277 2384 responderet,

174 2400 305 2468 paratus
328 2391 419 2449 en'um
440 2390 473 2448 iu
496 2387 635 2448 omnibus
658 2399 685 2446 et
702 2410 761 2468 per
779 2392 881 2448 omnia
898 2392 1005 2450 uocum
1018 2400 1097 2450 stare
1109 2390 1277 2463 mundatis,

178 2495 212 2533 eo
241 2474 324 2555 quod
351 2485 574 2534 sacrosanctam
598 2475 771 2534 Ronmnoru
796 2475 952 2534 eccleer'eem
974 2476 1063 2535 vellet
1085 2479 1171 2535 uecta
1188 2496 1278 2556 posse

179 2580 268 2618 suurn
284 2559 379 2620 modu
394 2559 531 2620 omuibus
544 2559 702 2630 honorare,
724 2583 762 2618 cc
774 2581 810 2619 eo
821 2562 933 2640 efficere
951 2581 1029 2642 quoe
1047 2573 1164 2621 nostrae
1170 2565 1279 2642 forent

173 2643 292 2722 placita
313 2645 473 2704 uoluntati.
520 2648 564 2705 sic
578 2647 630 2704 ille
647 2647 764 2726 Cpolim
779 2645 965 2707 conducitur.
1009 2645 1126 2706 ideam
1141 2650 1277 2706 rescisset

176 2729 306 2790 Alexius
329 2742 467 2810 patruus,
489 2731 554 2811 ipse
575 2751 695 2813 quoque
716 2733 832 2810 legatos
852 2731 893 2791 ad
909 2732 1081 2812 pontificem
1101 2735 1199 2806 misit,
1222 2732 1276 2810 qui

178 2826 377 2894 proponerent
391 2813 626 2874 Christianorum
641 2819 807 2874 exercitum
820 2819 852 2874 in
867 2817 1035 2875 subsidium
1048 2827 1143 2874 terrae
1155 2825 1275 2874 sanctae

179 2897 345 2957 destinasse
358 2918 428 2959 suas
446 2903 583 2978 regiones
600 2901 741 2960 invadere
756 2912 786 2958 ct
802 2911 902 2959 contra
917 2899 1099 2958 Christianos
1112 2919 1195 2958 arma
1206 2918 1277 2958 mo-

178 3003 265 3058 rere;
287 2986 335 3042 sui
356 2987 489 3042 muneris
510 3003 575 3044 esse
597 2996 630 3043 ut
645 3006 695 3044 eoa
710 3004 728 3041 a
743 2985 798 3042 tali
811 2987 963 3063 proposito
977 2996 1145 3061 revocaret,
1166 3005 1206 3043 ne
1220 3004 1275 3043 eo·

177 3089 246 3128 rum
269 3087 377 3127 manus
400 3066 636 3127 Christianorum
659 3071 804 3146 sauguine
820 3069 1012 3127 foedarentur
1024 3081 1054 3128 st
1067 3069 1117 3128 dei
1129 3068 1276 3129 offensam

177 3157 378 3228 incurrerent3
400 3171 439 3211 ne
451 3152 559 3211 Alexio
574 3153 635 3212 filio
651 3157 767 3228 Isuacii,
790 3157 842 3235 qui
858 3165 958 3212 contra
969 3158 1130 3234 imperium
1141 3152 1276 3233 lapidem

177 3259 300 3298 ornnem
328 3239 487 3312 movebat,
517 3258 606 3317 opem
630 3250 811 3318 praestaret,
843 3259 912 3298 cum
932 3243 1092 3318 imperium
1113 3239 1190 3298 illud
1212 3259 1275 3297 non

176 3327 364 3384 successione
379 3321 434 3384 sed
447 3324 591 3382 electione
606 3325 837 3398 confortaretur,
860 3335 890 3383 et
910 3327 1055 3399 Alexius,
1077 3327 1160 3404 prius
1181 3343 1275 3406 quem

175 3421 260 3490 pater
278 3413 342 3469 eius
360 3420 438 3470 essct
456 3411 633 3488 imperator,
656 3421 743 3469 nutus
758 3420 851 3482 esset,
872 3430 929 3468 nec
946 3421 1063 3489 poterat
1082 3411 1141 3468 sibi
1160 3412 1193 3468 iu
1213 3411 1274 3467 im-

173 3498 258 3573 perio
283 3497 330 3556 ius
351 3493 475 3578 aliquod
493 3494 655 3554 vindicare.
700 3493 774 3576 quid
788 3493 828 3553 ad
842 3493 916 3554 baec
935 3493 1121 3575 responderit
1138 3513 1272 3554 summus

174 3581 331 3659 pontifex,
353 3599 394 3639 ex
418 3578 554 3640 eiusdem
575 3580 669 3639 literis
688 3580 727 3638 ad
745 3579 876 3639 eundem
891 3582 1051 3656 Alexium,
1073 3598 1148 3662 quas
1163 3599 1273 3660 perpe-

174 3684 240 3724 ram
254 3665 393 3723 nonnulli
409 3665 449 3723 ad
465 3669 611 3724 Isaacium
628 3666 776 3741 referunt,
799 3665 895 3724 rideri
908 3676 1016 3744 potest.

258 3769 288 3828 p.
305 3753 324 3813 6
341 3770 372 3808 v·
390 3751 441 3814 12.
486 3750 550 3814 duel
567 3747 600 3813 di
617 3754 659 3836 τῷ
672 3747 753 3831 τότε]
778 3751 881 3810 classis
901 3754 1015 3810 Veneta
1032 3750 1069 3807 ab
1084 3751 1171 3806 Erico
1186 3747 1271 3803 Dan-

173 3833 246 3892 dulo
267 3836 458 3894 venetiarum
481 3834 573 3910 duce,
595 3833 752 3894 homiuum
773 3840 908 3894 omnium
922 3837 1043 3893 Graecis
1058 3832 1270 3904 infensissimo,

173 3916 311 3979 deducta.
355 3921 483 3979 Uberius
501 3922 615 3979 Fulieta
631 3923 782 3980 Genusus.
796 3925 907 3980 Hister.
923 3920 978 3979 lib.
995 3920 1033 3982 4:
1054 3913 1194 3975 Mchoel
1206 3916 1272 3974 Pu-

173 4003 328 4084 laeologns
345 4025 405 4064 sese
423 4005 586 4066 navalibus
602 4006 722 4084 opibus,
744 4005 853 4086 quiden
871 4026 902 4063 eo
915 4017 1043 4081 tempore
1057 4003 1176 4060 omniuo
1189 4020 1273 4058 cure-

172 4089 239 4158 hat,
271 4090 467 4149 muniendum
492 4103 578 4150 ratus
605 4091 749 4150 adnuens
781 4093 905 4150 Venetos
924 4098 1085 4168 perpetuos
1109 4087 1273 4144 &monem

176 4175 361 4234 Graecorum
387 4175 494 4245 hostes,
525 4195 709 4256 quorumque
738 4177 771 4233 iu
805 4175 931 4235 Graecis
956 4171 1136 4250 expellenda
1157 4191 1274 4250 magna

165 4280 244 4337 parc
259 4281 365 4338 operae
374 4259 497 4338 suem,
519 4263 630 4340 quique
643 4261 809 4338 complures
822 4257 910 4317 urbes
926 4279 964 4316 oc
978 4257 1045 4315 loca
1059 4259 1180 4335 imperii
1193 4266 1273 4312 tene-

172 4343 258 4418 bane,
284 4347 423 4425 inopem
450 4345 637 4404 Genauneem
655 4345 804 4426 confugit.
850 4343 1052 4424 expeditionis
1070 4345 1144 4404 socii
1154 4339 1273 4401 adiuu-
