<?xml version="1.0" encoding="UTF-8"?>
<!DOCTYPE html PUBLIC "-//W3C//DTD XHTML 1.0 Transitional//EN"
    "http://www.w3.org/TR/xhtml1/DTD/xhtml1-transitional.dtd">
<html xmlns="http://www.w3.org/1999/xhtml" xml:lang="en" lang="en">
 <head>
  <title>
</title>
<meta http-equiv="Content-Type" content="text/html;charset=utf-8" />
  <meta name='ocr-system' content='tesseract 3.04.00' />
  <meta name='ocr-capabilities' content='ocr_page ocr_carea ocr_par ocr_line ocrx_word'/>
</head>
<body>
  <div class='ocr_page' id='page_1' title='image "./corpusscriptoru39niebgoog/corpusscriptoru39niebgoog_0676.png"; bbox 0 0 3100 4850; ppageno 0'>
   <div class='ocr_carea' id='block_1_1' title="bbox 267 272 962 347">
    <p class='ocr_par' dir='ltr' id='par_1_1' title="bbox 267 272 962 347">
     <span class='ocr_line' id='line_1_1' title="bbox 267 272 962 347; baseline -0.001 -3"><span class='ocrx_word' id='word_1_1' title='bbox 267 272 341 347; x_wconf 77' lang='lat'><strong>248</strong></span> <span class='ocrx_word' id='word_1_2' title='bbox 601 276 607 289; x_wconf 93' lang='lat'>&#39;</span> <span class='ocrx_word' id='word_1_3' title='bbox 664 276 709 343; x_wconf 84' lang='grc' dir='ltr'><strong>ΙΝ</strong></span> <span class='ocrx_word' id='word_1_4' title='bbox 733 274 962 344; x_wconf 82' lang='lat' dir='ltr'>GEORGIUM</span> 
     </span>
    </p>
   </div>
   <div class='ocr_carea' id='block_1_2' title="bbox 190 440 1366 1972">
    <p class='ocr_par' dir='ltr' id='par_1_2' title="bbox 190 440 1366 1972">
     <span class='ocr_line' id='line_1_2' title="bbox 267 440 1363 522; baseline -0.001 -19"><span class='ocrx_word' id='word_1_5' title='bbox 267 444 379 503; x_wconf 85' lang='lat' dir='ltr'><strong>artibus</strong></span> <span class='ocrx_word' id='word_1_6' title='bbox 402 450 557 514; x_wconf 84' lang='lat' dir='ltr'><strong>revocata,</strong></span> <span class='ocrx_word' id='word_1_7' title='bbox 585 442 731 501; x_wconf 86' lang='lat' dir='ltr'><strong>maiorem</strong></span> <span class='ocrx_word' id='word_1_8' title='bbox 748 458 842 522; x_wconf 90' lang='lat' dir='ltr'><strong>quam</strong></span> <span class='ocrx_word' id='word_1_9' title='bbox 862 451 951 499; x_wconf 88' lang='lat' dir='ltr'><strong>antea</strong></span> <span class='ocrx_word' id='word_1_10' title='bbox 969 442 1135 519; x_wconf 88' lang='lat' dir='ltr'><strong>potentiam</strong></span> <span class='ocrx_word' id='word_1_11' title='bbox 1154 440 1302 516; x_wconf 71' lang='lat' dir='ltr'><strong>obtinuit,</strong></span> <span class='ocrx_word' id='word_1_12' title='bbox 1331 454 1363 502; x_wconf 86' lang='lat' dir='ltr'><strong>et</strong></span> 
     </span>
     <span class='ocr_line' id='line_1_3' title="bbox 266 525 1362 588; baseline -0.001 0"><span class='ocrx_word' id='word_1_13' title='bbox 266 531 445 588; x_wconf 84' lang='lat' dir='ltr'><strong>marituma</strong></span> <span class='ocrx_word' id='word_1_14' title='bbox 465 546 498 585; x_wconf 85' lang='lat' dir='ltr'><strong>se</strong></span> <span class='ocrx_word' id='word_1_15' title='bbox 520 528 723 585; x_wconf 85' lang='lat' dir='ltr'><strong>abalienatum</strong></span> <span class='ocrx_word' id='word_1_16' title='bbox 744 529 830 586; x_wconf 85' lang='lat' dir='ltr'><strong>miris</strong></span> <span class='ocrx_word' id='word_1_17' title='bbox 849 525 1004 586; x_wconf 84' lang='lat' dir='ltr'><strong>blanditiis</strong></span> <span class='ocrx_word' id='word_1_18' title='bbox 1024 528 1237 586; x_wconf 81' lang='lat' dir='ltr'><strong>reconciliavit.</strong></span> <span class='ocrx_word' id='word_1_19' title='bbox 1279 530 1362 587; x_wconf 75' lang='lat' dir='ltr'><strong>(lon-</strong></span> 
     </span>
     <span class='ocr_line' id='line_1_4' title="bbox 267 610 1362 691; baseline -0.003 -17"><span class='ocrx_word' id='word_1_20' title='bbox 267 615 414 674; x_wconf 81' lang='lat' dir='ltr'><strong>stantium</strong></span> <span class='ocrx_word' id='word_1_21' title='bbox 426 631 498 671; x_wconf 85' lang='lat' dir='ltr'><strong>vero</strong></span> <span class='ocrx_word' id='word_1_22' title='bbox 510 613 739 691; x_wconf 82' lang='lat' dir='ltr'><strong>Mesopotamita</strong></span> <span class='ocrx_word' id='word_1_23' title='bbox 751 610 834 670; x_wconf 87' lang='lat' dir='ltr'><strong>illius</strong></span> <span class='ocrx_word' id='word_1_24' title='bbox 847 614 951 671; x_wconf 84' lang='lat' dir='ltr'><strong>aetatis</strong></span> <span class='ocrx_word' id='word_1_25' title='bbox 963 620 1138 671; x_wconf 70' lang='lat' dir='ltr'>vertumnus</span> <span class='ocrx_word' id='word_1_26' title='bbox 1151 611 1284 671; x_wconf 85' lang='lat' dir='ltr'><strong>ethome</strong></span> <span class='ocrx_word' id='word_1_27' title='bbox 1296 615 1362 671; x_wconf 85' lang='lat' dir='ltr'><strong>cal-</strong></span> 
     </span>
     <span class='ocr_line' id='line_1_5' title="bbox 264 694 1363 777; baseline -0.003 -18"><span class='ocrx_word' id='word_1_28' title='bbox 264 698 430 759; x_wconf 75' lang='lat' dir='ltr'><strong>lidissimus</strong></span> <span class='ocrx_word' id='word_1_29' title='bbox 452 706 482 756; x_wconf 90' lang='lat' dir='ltr'><strong>et</strong></span> <span class='ocrx_word' id='word_1_30' title='bbox 501 700 723 757; x_wconf 79' lang='lat' dir='ltr'><strong>versutiasimue</strong></span> <span class='ocrx_word' id='word_1_31' title='bbox 745 698 784 755; x_wconf 92' lang='lat' dir='ltr'><strong>ob</strong></span> <span class='ocrx_word' id='word_1_32' title='bbox 801 696 941 758; x_wconf 66' lang='lat' dir='ltr'><strong>domae</strong></span> <span class='ocrx_word' id='word_1_33' title='bbox 957 694 1087 756; x_wconf 89' lang='lat' dir='ltr'><strong>reditum</strong></span> <span class='ocrx_word' id='word_1_34' title='bbox 1100 700 1198 777; x_wconf 84' lang='lat' dir='ltr'><strong>magis</strong></span> <span class='ocrx_word' id='word_1_35' title='bbox 1216 717 1251 757; x_wconf 84' lang='lat' dir='ltr'><strong>ao</strong></span> <span class='ocrx_word' id='word_1_36' title='bbox 1265 701 1363 777; x_wconf 84' lang='lat' dir='ltr'><strong>magis</strong></span> 
     </span>
     <span class='ocr_line' id='line_1_6' title="bbox 266 780 1364 863; baseline 0 -21"><span class='ocrx_word' id='word_1_37' title='bbox 266 783 479 857; x_wconf 76' lang='lat' dir='ltr'><strong>insolescebat,</strong></span> <span class='ocrx_word' id='word_1_38' title='bbox 501 802 570 841; x_wconf 90' lang='lat' dir='ltr'><strong>cum</strong></span> <span class='ocrx_word' id='word_1_39' title='bbox 592 792 694 863; x_wconf 87' lang='lat' dir='ltr'><strong>posset</strong></span> <span class='ocrx_word' id='word_1_40' title='bbox 712 784 813 841; x_wconf 88' lang='lat' dir='ltr'><strong>omnia</strong></span> <span class='ocrx_word' id='word_1_41' title='bbox 828 780 910 862; x_wconf 88' lang='lat' dir='ltr'><strong>apud</strong></span> <span class='ocrx_word' id='word_1_42' title='bbox 922 784 1144 862; x_wconf 73' lang='lat' dir='ltr'><strong>imperatorem.</strong></span> <span class='ocrx_word' id='word_1_43' title='bbox 1187 780 1260 841; x_wconf 87' lang='lat' dir='ltr'><strong>hinc</strong></span> <span class='ocrx_word' id='word_1_44' title='bbox 1278 786 1364 842; x_wconf 86' lang='lat' dir='ltr'><strong>caui-</strong></span> 
     </span>
     <span class='ocr_line' id='line_1_7' title="bbox 268 866 1362 947; baseline 0 -20"><span class='ocrx_word' id='word_1_45' title='bbox 268 870 327 927; x_wconf 87' lang='lat' dir='ltr'><strong>clei</strong></span> <span class='ocrx_word' id='word_1_46' title='bbox 350 868 497 941; x_wconf 83' lang='lat' dir='ltr'><strong>cilicium,</strong></span> <span class='ocrx_word' id='word_1_47' title='bbox 519 866 602 947; x_wconf 86' lang='lat' dir='ltr'><strong>quod</strong></span> <span class='ocrx_word' id='word_1_48' title='bbox 622 868 659 926; x_wconf 90' lang='lat' dir='ltr'><strong>ab</strong></span> <span class='ocrx_word' id='word_1_49' title='bbox 680 869 794 927; x_wconf 75' lang='lat' dir='ltr'><strong>haaoio</strong></span> <span class='ocrx_word' id='word_1_50' title='bbox 813 868 982 927; x_wconf 73' lang='lat' dir='ltr'><strong>obtinuerat</strong></span> <span class='ocrx_word' id='word_1_51' title='bbox 996 886 1032 926; x_wconf 88' lang='lat' dir='ltr'><strong>ac</strong></span> <span class='ocrx_word' id='word_1_52' title='bbox 1053 887 1155 927; x_wconf 85' lang='lat' dir='ltr'><strong>rursus</strong></span> <span class='ocrx_word' id='word_1_53' title='bbox 1173 867 1362 945; x_wconf 80' lang='lat' dir='ltr'><strong>offerebatur,</strong></span> 
     </span>
     <span class='ocr_line' id='line_1_8' title="bbox 268 951 1363 1031; baseline -0.003 -17"><span class='ocrx_word' id='word_1_54' title='bbox 268 963 302 1014; x_wconf 89' lang='lat' dir='ltr'><strong>ut</strong></span> <span class='ocrx_word' id='word_1_55' title='bbox 316 972 370 1013; x_wconf 82' lang='lat' dir='ltr'><strong>auo</strong></span> <span class='ocrx_word' id='word_1_56' title='bbox 385 953 506 1031; x_wconf 78' lang='lat' dir='ltr'><strong>fastigio</strong></span> <span class='ocrx_word' id='word_1_57' title='bbox 518 954 644 1013; x_wconf 78' lang='lat' dir='ltr'><strong>inferius</strong></span> <span class='ocrx_word' id='word_1_58' title='bbox 658 954 772 1027; x_wconf 89' lang='lat' dir='ltr'><strong>renuit,</strong></span> <span class='ocrx_word' id='word_1_59' title='bbox 793 951 849 1012; x_wconf 86' lang='lat' dir='ltr'><strong>aad</strong></span> <span class='ocrx_word' id='word_1_60' title='bbox 867 972 909 1012; x_wconf 85' lang='lat' dir='ltr'><strong>ex</strong></span> <span class='ocrx_word' id='word_1_61' title='bbox 925 955 1037 1013; x_wconf 84' lang='lat' dir='ltr'><strong>lectore</strong></span> <span class='ocrx_word' id='word_1_62' title='bbox 1050 951 1211 1011; x_wconf 88' lang='lat' dir='ltr'><strong>diaconmn</strong></span> <span class='ocrx_word' id='word_1_63' title='bbox 1223 974 1256 1013; x_wconf 85' lang='lat' dir='ltr'><strong>se</strong></span> <span class='ocrx_word' id='word_1_64' title='bbox 1270 956 1363 1013; x_wconf 87' lang='lat' dir='ltr'><strong>creari</strong></span> 
     </span>
     <span class='ocr_line' id='line_1_9' title="bbox 268 1036 1363 1117; baseline 0 -20"><span class='ocrx_word' id='word_1_65' title='bbox 268 1038 382 1113; x_wconf 80' lang='lat' dir='ltr'><strong>voluit,</strong></span> <span class='ocrx_word' id='word_1_66' title='bbox 404 1046 439 1096; x_wconf 90' lang='lat' dir='ltr'><strong>nt</strong></span> <span class='ocrx_word' id='word_1_67' title='bbox 460 1036 621 1117; x_wconf 75' lang='lat' dir='ltr'><strong>dignitates</strong></span> <span class='ocrx_word' id='word_1_68' title='bbox 643 1040 735 1097; x_wconf 86' lang='lat' dir='ltr'><strong>etiam</strong></span> <span class='ocrx_word' id='word_1_69' title='bbox 757 1040 973 1099; x_wconf 86' lang='lat' dir='ltr'><strong>ecclesiasticas</strong></span> <span class='ocrx_word' id='word_1_70' title='bbox 995 1048 1198 1097; x_wconf 78' lang='lat' dir='ltr'><strong>contrectaret.</strong></span> <span class='ocrx_word' id='word_1_71' title='bbox 1241 1040 1363 1098; x_wconf 78' lang='lat' dir='ltr'><strong>simulat</strong></span> 
     </span>
     <span class='ocr_line' id='line_1_10' title="bbox 269 1120 1362 1205; baseline 0.001 -24"><span class='ocrx_word' id='word_1_72' title='bbox 269 1120 380 1182; x_wconf 84' lang='lat' dir='ltr'><strong>deinde</strong></span> <span class='ocrx_word' id='word_1_73' title='bbox 398 1140 431 1182; x_wconf 85' lang='lat' dir='ltr'><strong>ae</strong></span> <span class='ocrx_word' id='word_1_74' title='bbox 453 1124 626 1203; x_wconf 77' lang='lat' dir='ltr'><strong>imperatori</strong></span> <span class='ocrx_word' id='word_1_75' title='bbox 648 1140 711 1182; x_wconf 88' lang='lat' dir='ltr'><strong>non</strong></span> <span class='ocrx_word' id='word_1_76' title='bbox 733 1125 865 1202; x_wconf 88' lang='lat' dir='ltr'><strong>amplius</strong></span> <span class='ocrx_word' id='word_1_77' title='bbox 890 1143 1013 1203; x_wconf 88' lang='lat' dir='ltr'><strong>operam</strong></span> <span class='ocrx_word' id='word_1_78' title='bbox 1035 1136 1230 1182; x_wconf 85' lang='lat' dir='ltr'><strong>navaturnm:</strong></span> <span class='ocrx_word' id='word_1_79' title='bbox 1264 1144 1362 1205; x_wconf 84' lang='lat' dir='ltr'><strong>neque</strong></span> 
     </span>
     <span class='ocr_line' id='line_1_11' title="bbox 269 1208 1363 1287; baseline 0.002 -21"><span class='ocrx_word' id='word_1_80' title='bbox 269 1211 352 1267; x_wconf 88' lang='lat' dir='ltr'><strong>enirn</strong></span> <span class='ocrx_word' id='word_1_81' title='bbox 373 1209 546 1287; x_wconf 81' lang='lat' dir='ltr'><strong>permittere</strong></span> <span class='ocrx_word' id='word_1_82' title='bbox 568 1228 696 1267; x_wconf 87' lang='lat' dir='ltr'><strong>canones</strong></span> <span class='ocrx_word' id='word_1_83' title='bbox 714 1208 846 1267; x_wconf 86' lang='lat' dir='ltr'><strong>eundern</strong></span> <span class='ocrx_word' id='word_1_84' title='bbox 856 1219 887 1267; x_wconf 85' lang='lat' dir='ltr'><strong>et</strong></span> <span class='ocrx_word' id='word_1_85' title='bbox 900 1208 957 1267; x_wconf 92' lang='lat' dir='ltr'><strong>deo</strong></span> <span class='ocrx_word' id='word_1_86' title='bbox 970 1228 1054 1268; x_wconf 89' lang='lat' dir='ltr'><strong>sacra</strong></span> <span class='ocrx_word' id='word_1_87' title='bbox 1068 1210 1167 1267; x_wconf 83' lang='lat' dir='ltr'><strong>faeere</strong></span> <span class='ocrx_word' id='word_1_88' title='bbox 1182 1218 1214 1267; x_wconf 91' lang='lat' dir='ltr'><strong>et</strong></span> <span class='ocrx_word' id='word_1_89' title='bbox 1226 1210 1363 1268; x_wconf 79' lang='lat' dir='ltr'><strong>civilibus</strong></span> 
     </span>
     <span class='ocr_line' id='line_1_12' title="bbox 190 1292 1364 1375; baseline -0.001 -22"><span class='ocrx_word' id='word_1_90' title='bbox 190 1346 193 1353; x_wconf 91' lang='lat'>.</span> <span class='ocrx_word' id='word_1_91' title='bbox 267 1294 398 1373; x_wconf 69' lang='lat' dir='ltr'><strong>negotiis</strong></span> <span class='ocrx_word' id='word_1_92' title='bbox 424 1294 583 1373; x_wconf 87' lang='lat' dir='ltr'><strong>implicari.</strong></span> <span class='ocrx_word' id='word_1_93' title='bbox 625 1313 718 1374; x_wconf 87' lang='lat' dir='ltr'><strong>qnare</strong></span> <span class='ocrx_word' id='word_1_94' title='bbox 738 1297 854 1373; x_wconf 78' lang='lat' dir='ltr'><strong>cogitur</strong></span> <span class='ocrx_word' id='word_1_95' title='bbox 870 1292 1040 1373; x_wconf 84' lang='lat' dir='ltr'><strong>patriarcha</strong></span> <span class='ocrx_word' id='word_1_96' title='bbox 1055 1293 1230 1375; x_wconf 77' lang='lat' dir='ltr'><strong>xiphilinus</strong></span> <span class='ocrx_word' id='word_1_97' title='bbox 1247 1305 1282 1352; x_wconf 90' lang='lat' dir='ltr'><strong>ut</strong></span> <span class='ocrx_word' id='word_1_98' title='bbox 1296 1298 1364 1352; x_wconf 83' lang='lat' dir='ltr'><strong>Me-</strong></span> 
     </span>
     <span class='ocr_line' id='line_1_13' title="bbox 268 1377 1363 1459; baseline 0 -20"><span class='ocrx_word' id='word_1_99' title='bbox 268 1380 482 1457; x_wconf 83' lang='lat' dir='ltr'><strong>sopotamitae,</strong></span> <span class='ocrx_word' id='word_1_100' title='bbox 509 1380 651 1438; x_wconf 88' lang='lat' dir='ltr'><strong>simulet</strong></span> <span class='ocrx_word' id='word_1_101' title='bbox 671 1377 728 1437; x_wconf 91' lang='lat' dir='ltr'><strong>deo</strong></span> <span class='ocrx_word' id='word_1_102' title='bbox 748 1389 779 1438; x_wconf 85' lang='lat' dir='ltr'><strong>et</strong></span> <span class='ocrx_word' id='word_1_103' title='bbox 797 1382 988 1459; x_wconf 83' lang='lat' dir='ltr'><strong>imperatori,</strong></span> <span class='ocrx_word' id='word_1_104' title='bbox 1017 1389 1048 1438; x_wconf 87' lang='lat' dir='ltr'><strong>et</strong></span> <span class='ocrx_word' id='word_1_105' title='bbox 1064 1381 1178 1459; x_wconf 87' lang='lat' dir='ltr'><strong>templo</strong></span> <span class='ocrx_word' id='word_1_106' title='bbox 1202 1390 1234 1437; x_wconf 93' lang='lat' dir='ltr'><strong>et</strong></span> <span class='ocrx_word' id='word_1_107' title='bbox 1250 1381 1363 1458; x_wconf 87' lang='lat' dir='ltr'><strong>palatio</strong></span> 
     </span>
     <span class='ocr_line' id='line_1_14' title="bbox 269 1462 1365 1544; baseline -0.001 -21"><span class='ocrx_word' id='word_1_108' title='bbox 269 1466 336 1525; x_wconf 77' lang='lat' dir='ltr'><strong>sina</strong></span> <span class='ocrx_word' id='word_1_109' title='bbox 358 1462 465 1522; x_wconf 87' lang='lat' dir='ltr'><strong>fraude</strong></span> <span class='ocrx_word' id='word_1_110' title='bbox 485 1482 635 1523; x_wconf 86' lang='lat' dir='ltr'><strong>canonum</strong></span> <span class='ocrx_word' id='word_1_111' title='bbox 654 1467 799 1524; x_wconf 78' lang='lat' dir='ltr'><strong>inservire</strong></span> <span class='ocrx_word' id='word_1_112' title='bbox 812 1466 916 1539; x_wconf 86' lang='lat' dir='ltr'><strong>liceat,</strong></span> <span class='ocrx_word' id='word_1_113' title='bbox 936 1466 1096 1544; x_wconf 75' lang='lat' dir='ltr'><strong>privilegio</strong></span> <span class='ocrx_word' id='word_1_114' title='bbox 1111 1462 1266 1524; x_wconf 84' lang='lat' dir='ltr'><strong>concedat.</strong></span> <span class='ocrx_word' id='word_1_115' title='bbox 1307 1484 1365 1522; x_wconf 90' lang='lat' dir='ltr'><strong>nec</strong></span> 
     </span>
     <span class='ocr_line' id='line_1_15' title="bbox 269 1546 1366 1629; baseline 0 -22"><span class='ocrx_word' id='word_1_116' title='bbox 269 1549 367 1607; x_wconf 90' lang='lat' dir='ltr'><strong>multo</strong></span> <span class='ocrx_word' id='word_1_117' title='bbox 381 1560 449 1627; x_wconf 79' lang='lat' dir='ltr'><strong>post</strong></span> <span class='ocrx_word' id='word_1_118' title='bbox 461 1546 695 1608; x_wconf 71' lang='lat' dir='ltr'><strong>Thessalonicae</strong></span> <span class='ocrx_word' id='word_1_119' title='bbox 709 1550 849 1629; x_wconf 82' lang='lat' dir='ltr'><strong>pontifex</strong></span> <span class='ocrx_word' id='word_1_120' title='bbox 860 1548 1043 1629; x_wconf 82' lang='lat' dir='ltr'><strong>designatur.</strong></span> <span class='ocrx_word' id='word_1_121' title='bbox 1075 1561 1282 1609; x_wconf 75' lang='lat' dir='ltr'><strong>verumtamen</strong></span> <span class='ocrx_word' id='word_1_122' title='bbox 1295 1569 1366 1607; x_wconf 89' lang='lat' dir='ltr'><strong>cum</strong></span> 
     </span>
     <span class='ocr_line' id='line_1_16' title="bbox 218 1630 1366 1712; baseline 0 -21"><span class='ocrx_word' id='word_1_123' title='bbox 218 1638 219 1645; x_wconf 76' lang='grc'>’</span> <span class='ocrx_word' id='word_1_124' title='bbox 270 1630 427 1712; x_wconf 73' lang='lat' dir='ltr'><strong>cupiditati</strong></span> <span class='ocrx_word' id='word_1_125' title='bbox 452 1652 523 1693; x_wconf 85' lang='lat' dir='ltr'><strong>suae</strong></span> <span class='ocrx_word' id='word_1_126' title='bbox 545 1634 664 1693; x_wconf 92' lang='lat' dir='ltr'><strong>nullum</strong></span> <span class='ocrx_word' id='word_1_127' title='bbox 682 1633 808 1695; x_wconf 88' lang='lat' dir='ltr'><strong>modum</strong></span> <span class='ocrx_word' id='word_1_128' title='bbox 826 1646 984 1710; x_wconf 82' lang='lat' dir='ltr'><strong>statuerat,</strong></span> <span class='ocrx_word' id='word_1_129' title='bbox 1006 1634 1061 1694; x_wconf 82' lang='lat' dir='ltr'><strong>aad</strong></span> <span class='ocrx_word' id='word_1_130' title='bbox 1078 1636 1171 1695; x_wconf 82' lang='lat' dir='ltr'><strong>vellet</strong></span> <span class='ocrx_word' id='word_1_131' title='bbox 1184 1637 1270 1693; x_wconf 74' lang='lat' dir='ltr'><strong>laeva</strong></span> <span class='ocrx_word' id='word_1_132' title='bbox 1283 1644 1366 1692; x_wconf 87' lang='lat' dir='ltr'><strong>tern-</strong></span> 
     </span>
     <span class='ocr_line' id='line_1_17' title="bbox 269 1716 1366 1802; baseline 0.001 -27"><span class='ocrx_word' id='word_1_133' title='bbox 269 1718 357 1799; x_wconf 90' lang='lat' dir='ltr'><strong>plum</strong></span> <span class='ocrx_word' id='word_1_134' title='bbox 378 1716 503 1777; x_wconf 87' lang='lat' dir='ltr'><strong>dextera</strong></span> <span class='ocrx_word' id='word_1_135' title='bbox 520 1720 665 1799; x_wconf 88' lang='lat' dir='ltr'><strong>palatium</strong></span> <span class='ocrx_word' id='word_1_136' title='bbox 687 1730 806 1794; x_wconf 89' lang='lat' dir='ltr'><strong>tenere,</strong></span> <span class='ocrx_word' id='word_1_137' title='bbox 826 1722 935 1779; x_wconf 81' lang='lat' dir='ltr'><strong>fratres</strong></span> <span class='ocrx_word' id='word_1_138' title='bbox 957 1740 1027 1780; x_wconf 88' lang='lat' dir='ltr'><strong>suos</strong></span> <span class='ocrx_word' id='word_1_139' title='bbox 1048 1731 1195 1802; x_wconf 85' lang='lat' dir='ltr'><strong>tanquam</strong></span> <span class='ocrx_word' id='word_1_140' title='bbox 1212 1721 1312 1777; x_wconf 81' lang='lat' dir='ltr'><strong>claros</strong></span> <span class='ocrx_word' id='word_1_141' title='bbox 1333 1730 1366 1777; x_wconf 88' lang='lat' dir='ltr'><strong>et</strong></span> 
     </span>
     <span class='ocr_line' id='line_1_18' title="bbox 269 1804 1365 1887; baseline 0.001 -25"><span class='ocrx_word' id='word_1_142' title='bbox 269 1812 371 1862; x_wconf 79' lang='lat' dir='ltr'><strong>vectes</strong></span> <span class='ocrx_word' id='word_1_143' title='bbox 392 1805 559 1879; x_wconf 83' lang='lat' dir='ltr'><strong>inserebat,</strong></span> <span class='ocrx_word' id='word_1_144' title='bbox 581 1824 616 1863; x_wconf 87' lang='lat' dir='ltr'><strong>ac</strong></span> <span class='ocrx_word' id='word_1_145' title='bbox 632 1807 731 1886; x_wconf 79' lang='lat' dir='ltr'><strong>potins</strong></span> <span class='ocrx_word' id='word_1_146' title='bbox 748 1806 832 1864; x_wconf 77' lang='lat' dir='ltr'><strong>velut</strong></span> <span class='ocrx_word' id='word_1_147' title='bbox 846 1807 967 1865; x_wconf 87' lang='lat' dir='ltr'><strong>inaures</strong></span> <span class='ocrx_word' id='word_1_148' title='bbox 982 1804 1021 1864; x_wconf 90' lang='lat' dir='ltr'><strong>de</strong></span> <span class='ocrx_word' id='word_1_149' title='bbox 1034 1816 1161 1887; x_wconf 89' lang='lat' dir='ltr'><strong>utraque</strong></span> <span class='ocrx_word' id='word_1_150' title='bbox 1177 1806 1365 1883; x_wconf 84' lang='lat' dir='ltr'><strong>imperatoris</strong></span> 
     </span>
     <span class='ocr_line' id='line_1_19' title="bbox 273 1887 1366 1972; baseline -0.001 -25"><span class='ocrx_word' id='word_1_151' title='bbox 273 1888 408 1947; x_wconf 87' lang='lat' dir='ltr'><strong>auricula</strong></span> <span class='ocrx_word' id='word_1_152' title='bbox 423 1887 640 1969; x_wconf 84' lang='lat' dir='ltr'><strong>suspendebat,</strong></span> <span class='ocrx_word' id='word_1_153' title='bbox 661 1900 695 1948; x_wconf 91' lang='lat' dir='ltr'><strong>ut</strong></span> <span class='ocrx_word' id='word_1_154' title='bbox 709 1893 736 1949; x_wconf 82' lang='lat' dir='ltr'><strong>si</strong></span> <span class='ocrx_word' id='word_1_155' title='bbox 750 1889 872 1972; x_wconf 90' lang='lat' dir='ltr'><strong>quando</strong></span> <span class='ocrx_word' id='word_1_156' title='bbox 887 1893 1093 1951; x_wconf 83' lang='lat' dir='ltr'><strong>ecclesiasticis</strong></span> <span class='ocrx_word' id='word_1_157' title='bbox 1108 1890 1301 1949; x_wconf 76' lang='lat' dir='ltr'><strong>conventibus</strong></span> <span class='ocrx_word' id='word_1_158' title='bbox 1314 1891 1366 1946; x_wconf 91' lang='lat' dir='ltr'><strong>in-</strong></span> 
     </span>
    </p>
   </div>
   <div class='ocr_carea' id='block_1_3' title="bbox 155 1972 1366 2056">
    <p class='ocr_par' dir='ltr' id='par_1_3' title="bbox 155 1972 1366 2056">
     <span class='ocr_line' id='line_1_20' title="bbox 155 1972 1366 2056; baseline -0.001 -24"><span class='ocrx_word' id='word_1_159' title='bbox 155 2012 164 2023; x_wconf 85' lang='lat'><strong>·</strong></span> <span class='ocrx_word' id='word_1_160' title='bbox 270 1982 413 2049; x_wconf 71' lang='lat' dir='ltr'><strong>terreret,</strong></span> <span class='ocrx_word' id='word_1_161' title='bbox 439 1976 560 2033; x_wconf 90' lang='lat' dir='ltr'><strong>nullum</strong></span> <span class='ocrx_word' id='word_1_162' title='bbox 574 1972 688 2038; x_wconf 90' lang='lat' dir='ltr'><strong>dictum</strong></span> <span class='ocrx_word' id='word_1_163' title='bbox 702 1985 753 2034; x_wconf 86' lang='lat' dir='ltr'><strong>aut</strong></span> <span class='ocrx_word' id='word_1_164' title='bbox 764 1977 879 2034; x_wconf 86' lang='lat' dir='ltr'><strong>factum</strong></span> <span class='ocrx_word' id='word_1_165' title='bbox 890 1979 1056 2056; x_wconf 82' lang='lat' dir='ltr'><strong>ignoraret,</strong></span> <span class='ocrx_word' id='word_1_166' title='bbox 1076 1995 1134 2034; x_wconf 89' lang='lat' dir='ltr'><strong>nec</strong></span> <span class='ocrx_word' id='word_1_167' title='bbox 1146 1975 1366 2055; x_wconf 84' lang='lat' dir='ltr'><strong>quiaquamlo-</strong></span> 
     </span>
    </p>
   </div>
   <div class='ocr_carea' id='block_1_4' title="bbox 270 2059 1367 2902">
    <p class='ocr_par' dir='ltr' id='par_1_4' title="bbox 270 2059 1367 2902">
     <span class='ocr_line' id='line_1_21' title="bbox 270 2059 1366 2141; baseline 0.002 -24"><span class='ocrx_word' id='word_1_168' title='bbox 270 2078 341 2117; x_wconf 89' lang='lat' dir='ltr'><strong>cum</strong></span> <span class='ocrx_word' id='word_1_169' title='bbox 362 2078 452 2117; x_wconf 85' lang='lat' dir='ltr'><strong>suum</strong></span> <span class='ocrx_word' id='word_1_170' title='bbox 472 2080 505 2118; x_wconf 85' lang='lat' dir='ltr'><strong>se</strong></span> <span class='ocrx_word' id='word_1_171' title='bbox 524 2059 715 2140; x_wconf 87' lang='lat' dir='ltr'><strong>imprudente</strong></span> <span class='ocrx_word' id='word_1_172' title='bbox 734 2071 902 2141; x_wconf 88' lang='lat' dir='ltr'><strong>occuparet.</strong></span> <span class='ocrx_word' id='word_1_173' title='bbox 943 2060 1191 2121; x_wconf 81' lang='lat' dir='ltr'><strong>Thessalonicam</strong></span> <span class='ocrx_word' id='word_1_174' title='bbox 1213 2060 1366 2140; x_wconf 80' lang='lat' dir='ltr'><strong>proiectus</strong></span> 
     </span>
     <span class='ocr_line' id='line_1_22' title="bbox 271 2142 1365 2227; baseline 0.001 -25"><span class='ocrx_word' id='word_1_175' title='bbox 271 2153 302 2202; x_wconf 90' lang='lat' dir='ltr'><strong>et</strong></span> <span class='ocrx_word' id='word_1_176' title='bbox 316 2146 371 2203; x_wconf 79' lang='lat' dir='ltr'><strong>vix</strong></span> <span class='ocrx_word' id='word_1_177' title='bbox 387 2145 462 2203; x_wconf 90' lang='lat' dir='ltr'><strong>solio</strong></span> <span class='ocrx_word' id='word_1_178' title='bbox 478 2146 639 2206; x_wconf 87' lang='lat' dir='ltr'><strong>collocatus</strong></span> <span class='ocrx_word' id='word_1_179' title='bbox 655 2164 773 2205; x_wconf 79' lang='lat' dir='ltr'><strong>auimna</strong></span> <span class='ocrx_word' id='word_1_180' title='bbox 788 2166 857 2205; x_wconf 88' lang='lat' dir='ltr'><strong>oum</strong></span> <span class='ocrx_word' id='word_1_181' title='bbox 869 2148 1062 2207; x_wconf 85' lang='lat' dir='ltr'><strong>festinatione</strong></span> <span class='ocrx_word' id='word_1_182' title='bbox 1074 2148 1254 2227; x_wconf 80' lang='lat' dir='ltr'><strong>Byzantium</strong></span> <span class='ocrx_word' id='word_1_183' title='bbox 1266 2142 1365 2219; x_wconf 87' lang='lat' dir='ltr'><strong>rediit,</strong></span> 
     </span>
     <span class='ocr_line' id='line_1_23' title="bbox 271 2228 1365 2309; baseline 0.001 -23"><span class='ocrx_word' id='word_1_184' title='bbox 271 2238 304 2287; x_wconf 87' lang='lat' dir='ltr'><strong>et</strong></span> <span class='ocrx_word' id='word_1_185' title='bbox 315 2247 376 2286; x_wconf 87' lang='lat' dir='ltr'><strong>uuo</strong></span> <span class='ocrx_word' id='word_1_186' title='bbox 389 2228 483 2308; x_wconf 83' lang='lat' dir='ltr'><strong>digito</strong></span> <span class='ocrx_word' id='word_1_187' title='bbox 497 2231 619 2309; x_wconf 79' lang='lat' dir='ltr'><strong>regebat</strong></span> <span class='ocrx_word' id='word_1_188' title='bbox 629 2234 740 2290; x_wconf 87' lang='lat' dir='ltr'><strong>omnia.</strong></span> <span class='ocrx_word' id='word_1_189' title='bbox 784 2230 840 2291; x_wconf 88' lang='lat' dir='ltr'><strong>sed</strong></span> <span class='ocrx_word' id='word_1_190' title='bbox 852 2229 901 2291; x_wconf 86' lang='lat' dir='ltr'><strong>his</strong></span> <span class='ocrx_word' id='word_1_191' title='bbox 915 2252 984 2291; x_wconf 88' lang='lat' dir='ltr'><strong>curn</strong></span> <span class='ocrx_word' id='word_1_192' title='bbox 995 2232 1080 2290; x_wconf 83' lang='lat' dir='ltr'><strong>fieret</strong></span> <span class='ocrx_word' id='word_1_193' title='bbox 1093 2232 1233 2290; x_wconf 84' lang='lat' dir='ltr'><strong>omnibus</strong></span> <span class='ocrx_word' id='word_1_194' title='bbox 1244 2248 1365 2305; x_wconf 78' lang='lat' dir='ltr'><strong>exosus,</strong></span> 
     </span>
     <span class='ocr_line' id='line_1_24' title="bbox 271 2313 1367 2397; baseline 0.002 -27"><span class='ocrx_word' id='word_1_195' title='bbox 271 2313 439 2371; x_wconf 85' lang='lat' dir='ltr'><strong>aulicorum</strong></span> <span class='ocrx_word' id='word_1_196' title='bbox 462 2316 717 2375; x_wconf 71' lang='lat' dir='ltr'><strong>criminationibus</strong></span> <span class='ocrx_word' id='word_1_197' title='bbox 735 2314 817 2396; x_wconf 87' lang='lat' dir='ltr'><strong>apud</strong></span> <span class='ocrx_word' id='word_1_198' title='bbox 833 2319 1044 2397; x_wconf 88' lang='lat' dir='ltr'><strong>imperatorem</strong></span> <span class='ocrx_word' id='word_1_199' title='bbox 1057 2319 1211 2397; x_wconf 86' lang='lat' dir='ltr'><strong>impetitus</strong></span> <span class='ocrx_word' id='word_1_200' title='bbox 1226 2313 1264 2373; x_wconf 92' lang='lat' dir='ltr'><strong>de</strong></span> <span class='ocrx_word' id='word_1_201' title='bbox 1277 2316 1367 2373; x_wconf 72' lang='lat' dir='ltr'><strong>fasti-</strong></span> 
     </span>
     <span class='ocr_line' id='line_1_25' title="bbox 271 2398 1367 2481; baseline 0.005 -27"><span class='ocrx_word' id='word_1_202' title='bbox 271 2399 322 2476; x_wconf 86' lang='lat' dir='ltr'><strong>gio</strong></span> <span class='ocrx_word' id='word_1_203' title='bbox 343 2398 397 2456; x_wconf 91' lang='lat' dir='ltr'><strong>illo</strong></span> <span class='ocrx_word' id='word_1_204' title='bbox 416 2418 517 2458; x_wconf 85' lang='lat' dir='ltr'><strong>rorum</strong></span> <span class='ocrx_word' id='word_1_205' title='bbox 538 2398 731 2478; x_wconf 59' lang='lat' dir='ltr'><strong>deturbatum</strong></span> <span class='ocrx_word' id='word_1_206' title='bbox 764 2420 822 2460; x_wconf 89' lang='lat' dir='ltr'><strong>nec</strong></span> <span class='ocrx_word' id='word_1_207' title='bbox 844 2406 1000 2462; x_wconf 53' lang='lat' dir='ltr'><strong>oxorstitnr&gt;</strong></span> <span class='ocrx_word' id='word_1_208' title='bbox 1015 2412 1133 2461; x_wconf 88' lang='lat' dir='ltr'><strong>tanturn</strong></span> <span class='ocrx_word' id='word_1_209' title='bbox 1152 2402 1282 2481; x_wconf 85' lang='lat' dir='ltr'><strong>palatio,</strong></span> <span class='ocrx_word' id='word_1_210' title='bbox 1311 2398 1367 2460; x_wconf 81' lang='lat' dir='ltr'><strong>aed</strong></span> 
     </span>
     <span class='ocr_line' id='line_1_26' title="bbox 270 2482 1367 2567; baseline 0.005 -29"><span class='ocrx_word' id='word_1_211' title='bbox 270 2483 444 2561; x_wconf 84' lang='lat' dir='ltr'><strong>pontificatu</strong></span> <span class='ocrx_word' id='word_1_212' title='bbox 458 2487 549 2542; x_wconf 88' lang='lat' dir='ltr'><strong>etiam</strong></span> <span class='ocrx_word' id='word_1_213' title='bbox 564 2482 711 2560; x_wconf 85' lang='lat' dir='ltr'><strong>deiioitur,</strong></span> <span class='ocrx_word' id='word_1_214' title='bbox 735 2496 765 2544; x_wconf 89' lang='lat' dir='ltr'><strong>ct</strong></span> <span class='ocrx_word' id='word_1_215' title='bbox 779 2490 833 2567; x_wconf 85' lang='lat' dir='ltr'><strong>qni</strong></span> <span class='ocrx_word' id='word_1_216' title='bbox 844 2489 934 2548; x_wconf 84' lang='lat' dir='ltr'><strong>malis</strong></span> <span class='ocrx_word' id='word_1_217' title='bbox 946 2489 1059 2547; x_wconf 81' lang='lat' dir='ltr'><strong>artibus</strong></span> <span class='ocrx_word' id='word_1_218' title='bbox 1072 2485 1111 2546; x_wconf 93' lang='lat' dir='ltr'><strong>ad</strong></span> <span class='ocrx_word' id='word_1_219' title='bbox 1122 2488 1280 2567; x_wconf 82' lang='lat' dir='ltr'><strong>primariae</strong></span> <span class='ocrx_word' id='word_1_220' title='bbox 1293 2486 1367 2544; x_wconf 83' lang='lat' dir='ltr'><strong>fun·-</strong></span> 
     </span>
     <span class='ocr_line' id='line_1_27' title="bbox 271 2568 1367 2652; baseline 0.004 -28"><span class='ocrx_word' id='word_1_221' title='bbox 271 2568 386 2624; x_wconf 83' lang='lat' dir='ltr'><strong>otionec</strong></span> <span class='ocrx_word' id='word_1_222' title='bbox 404 2568 619 2628; x_wconf 86' lang='lat' dir='ltr'><strong>ecclesiasticas</strong></span> <span class='ocrx_word' id='word_1_223' title='bbox 633 2569 820 2650; x_wconf 88' lang='lat' dir='ltr'><strong>usurpandas</strong></span> <span class='ocrx_word' id='word_1_224' title='bbox 835 2585 1027 2652; x_wconf 78' lang='lat' dir='ltr'><strong>pervenerat,</strong></span> <span class='ocrx_word' id='word_1_225' title='bbox 1048 2573 1259 2652; x_wconf 74' lang='lat' dir='ltr'><strong>primariorum</strong></span> <span class='ocrx_word' id='word_1_226' title='bbox 1274 2591 1367 2629; x_wconf 52' lang='lat' dir='ltr'><strong>oona*</strong></span> 
     </span>
     <span class='ocr_line' id='line_1_28' title="bbox 270 2648 1366 2738; baseline 0.005 -28"><span class='ocrx_word' id='word_1_227' title='bbox 270 2651 352 2710; x_wconf 80' lang='lat' dir='ltr'><strong>tibus</strong></span> <span class='ocrx_word' id='word_1_228' title='bbox 367 2648 404 2709; x_wconf 89' lang='lat' dir='ltr'><strong>de</strong></span> <span class='ocrx_word' id='word_1_229' title='bbox 418 2653 494 2711; x_wconf 82' lang='lat' dir='ltr'><strong>solio</strong></span> <span class='ocrx_word' id='word_1_230' title='bbox 508 2650 656 2712; x_wconf 81' lang='lat' dir='ltr'><strong>delinitur.</strong></span> <span class='ocrx_word' id='word_1_231' title='bbox 698 2665 729 2712; x_wconf 85' lang='lat' dir='ltr'><strong>ct</strong></span> <span class='ocrx_word' id='word_1_232' title='bbox 741 2653 800 2714; x_wconf 90' lang='lat' dir='ltr'><strong>hoo</strong></span> <span class='ocrx_word' id='word_1_233' title='bbox 809 2655 900 2716; x_wconf 89' lang='lat' dir='ltr'><strong>modo</strong></span> <span class='ocrx_word' id='word_1_234' title='bbox 913 2659 1141 2738; x_wconf 83' lang='lat' dir='ltr'><strong>Mesopotamita</strong></span> <span class='ocrx_word' id='word_1_235' title='bbox 1154 2658 1366 2716; x_wconf 71' lang='lat' dir='ltr'><strong>Constantinus</strong></span> 
     </span>
     <span class='ocr_line' id='line_1_29' title="bbox 271 2733 1366 2831; baseline 0.002 -35"><span class='ocrx_word' id='word_1_236' title='bbox 271 2746 303 2796; x_wconf 87' lang='lat' dir='ltr'><strong>et</strong></span> <span class='ocrx_word' id='word_1_237' title='bbox 316 2734 375 2795; x_wconf 90' lang='lat' dir='ltr'><strong>duo</strong></span> <span class='ocrx_word' id='word_1_238' title='bbox 387 2739 451 2796; x_wconf 82' lang='lat' dir='ltr'><strong>eius</strong></span> <span class='ocrx_word' id='word_1_239' title='bbox 464 2733 571 2797; x_wconf 78' lang='lat' dir='ltr'><strong>fratrea</strong></span> <span class='ocrx_word' id='word_1_240' title='bbox 586 2738 625 2797; x_wconf 85' lang='lat' dir='ltr'><strong>ab</strong></span> <span class='ocrx_word' id='word_1_241' title='bbox 638 2736 895 2801; x_wconf 81' lang='lat' dir='ltr'><strong>administratione</strong></span> <span class='ocrx_word' id='word_1_242' title='bbox 906 2745 1101 2831; x_wconf 82' lang='lat' dir='ltr'><strong>reipublicae</strong></span> <span class='ocrx_word' id='word_1_243' title='bbox 1114 2754 1145 2802; x_wconf 86' lang='lat' dir='ltr'><strong>et</strong></span> <span class='ocrx_word' id='word_1_244' title='bbox 1158 2741 1302 2801; x_wconf 85' lang='lat' dir='ltr'><strong>ecclesiae</strong></span> <span class='ocrx_word' id='word_1_245' title='bbox 1315 2761 1366 2799; x_wconf 86' lang='lat' dir='ltr'><strong>re-</strong></span> 
     </span>
     <span class='ocr_line' id='line_1_30' title="bbox 271 2823 872 2902; baseline 0.02 -20"><span class='ocrx_word' id='word_1_246' title='bbox 271 2831 445 2902; x_wconf 83' lang='lat' dir='ltr'><strong>morentur,</strong></span> <span class='ocrx_word' id='word_1_247' title='bbox 468 2833 498 2886; x_wconf 85' lang='lat' dir='ltr'><strong>at</strong></span> <span class='ocrx_word' id='word_1_248' title='bbox 512 2823 565 2888; x_wconf 80' lang='lat' dir='ltr'><strong>alii</strong></span> <span class='ocrx_word' id='word_1_249' title='bbox 577 2823 750 2890; x_wconf 84' lang='lat' dir='ltr'><strong>succedunt.</strong></span> <span class='ocrx_word' id='word_1_250' title='bbox 791 2828 872 2893; x_wconf 71' lang='lat' dir='ltr'><strong>aar.</strong></span> 
     </span>
    </p>
   </div>
   <div class='ocr_carea' id='block_1_5' title="bbox 271 2953 1366 3124">
    <p class='ocr_par' dir='ltr' id='par_1_5' title="bbox 271 2953 1366 3124">
     <span class='ocr_line' id='line_1_31' title="bbox 354 2953 1366 3046; baseline 0 -24"><span class='ocrx_word' id='word_1_251' title='bbox 354 2975 387 3036; x_wconf 80' lang='lat' dir='ltr'><strong>p·</strong></span> <span class='ocrx_word' id='word_1_252' title='bbox 409 2963 451 3024; x_wconf 81' lang='grc'><strong>86</strong></span> <span class='ocrx_word' id='word_1_253' title='bbox 473 2981 505 3021; x_wconf 81' lang='lat' dir='ltr'><strong>r.</strong></span> <span class='ocrx_word' id='word_1_254' title='bbox 529 2967 579 3029; x_wconf 82' lang='lat'><strong>18.</strong></span> <span class='ocrx_word' id='word_1_255' title='bbox 621 2953 815 3046; x_wconf 72' lang='grc' dir='ltr'><strong><em>Δημήτριος]</em></strong></span> <span class='ocrx_word' id='word_1_256' title='bbox 847 2960 930 3024; x_wconf 89' lang='lat' dir='ltr'><strong>huno</strong></span> <span class='ocrx_word' id='word_1_257' title='bbox 947 2961 1204 3046; x_wconf 82' lang='lat' dir='ltr'><strong>archiepiscopum</strong></span> <span class='ocrx_word' id='word_1_258' title='bbox 1223 2959 1366 3022; x_wconf 82' lang='lat' dir='ltr'><strong>Iacobum</strong></span> 
     </span>
     <span class='ocr_line' id='line_1_32' title="bbox 271 3039 947 3124; baseline 0.013 -25"><span class='ocrx_word' id='word_1_259' title='bbox 271 3051 359 3101; x_wconf 82' lang='lat' dir='ltr'><strong>uocat</strong></span> <span class='ocrx_word' id='word_1_260' title='bbox 371 3039 587 3124; x_wconf 83' lang='lat' dir='ltr'><strong>Pachymerius</strong></span> <span class='ocrx_word' id='word_1_261' title='bbox 602 3051 712 3114; x_wconf 84' lang='lat' dir='ltr'><strong>Hister.</strong></span> <span class='ocrx_word' id='word_1_262' title='bbox 726 3050 781 3110; x_wconf 87' lang='lat' dir='ltr'><strong>lib.</strong></span> <span class='ocrx_word' id='word_1_263' title='bbox 795 3055 826 3116; x_wconf 78' lang='lat'><strong>2.</strong></span> <span class='ocrx_word' id='word_1_264' title='bbox 868 3052 947 3110; x_wconf 78' lang='lat' dir='ltr'><strong>Anu.</strong></span> 
     </span>
    </p>
   </div>
   <div class='ocr_carea' id='block_1_6' title="bbox 245 3157 1368 4182">
    <p class='ocr_par' dir='ltr' id='par_1_6' title="bbox 245 3157 1368 4182">
     <span class='ocr_line' id='line_1_33' title="bbox 355 3157 1363 3248; baseline 0.001 -24"><span class='ocrx_word' id='word_1_265' title='bbox 355 3157 397 3218; x_wconf 77' lang='lat' dir='ltr'><strong>ib·</strong></span> <span class='ocrx_word' id='word_1_266' title='bbox 420 3180 451 3220; x_wconf 81' lang='lat' dir='ltr'><strong>v·</strong></span> <span class='ocrx_word' id='word_1_267' title='bbox 476 3164 525 3226; x_wconf 87' lang='lat'><strong>19.</strong></span> <span class='ocrx_word' id='word_1_268' title='bbox 567 3159 603 3227; x_wconf 68' lang='lat' dir='ltr'><strong>ro*</strong></span> <span class='ocrx_word' id='word_1_269' title='bbox 631 3161 785 3248; x_wconf 73' lang='grc' dir='ltr'><strong><em>βασιλικὸν</em></strong></span> <span class='ocrx_word' id='word_1_270' title='bbox 809 3167 985 3248; x_wconf 66' lang='lat' dir='ltr'><strong>metallinos</strong></span> <span class='ocrx_word' id='word_1_271' title='bbox 1012 3168 1112 3247; x_wconf 78' lang='grc' dir='ltr'><strong><em>σχῆμα</em></strong></span> <span class='ocrx_word' id='word_1_272' title='bbox 1134 3163 1187 3227; x_wconf 79' lang='lat' dir='ltr'><strong>sul</strong></span> <span class='ocrx_word' id='word_1_273' title='bbox 1211 3158 1363 3242; x_wconf 65' lang='grc' dir='ltr'><strong>διάδημα]</strong></span> 
     </span>
     <span class='ocr_line' id='line_1_34' title="bbox 270 3243 1365 3332; baseline 0.005 -30"><span class='ocrx_word' id='word_1_274' title='bbox 270 3253 389 3322; x_wconf 82' lang='lat' dir='ltr'><strong>praeter</strong></span> <span class='ocrx_word' id='word_1_275' title='bbox 406 3243 553 3307; x_wconf 88' lang='lat' dir='ltr'><strong>honorem</strong></span> <span class='ocrx_word' id='word_1_276' title='bbox 570 3249 659 3308; x_wconf 87' lang='lat' dir='ltr'><strong>illum</strong></span> <span class='ocrx_word' id='word_1_277' title='bbox 679 3249 716 3309; x_wconf 87' lang='lat' dir='ltr'><strong>de</strong></span> <span class='ocrx_word' id='word_1_278' title='bbox 738 3269 799 3332; x_wconf 92' lang='lat' dir='ltr'><strong>quo</strong></span> <span class='ocrx_word' id='word_1_279' title='bbox 811 3253 874 3310; x_wconf 89' lang='lat' dir='ltr'><strong>iarn</strong></span> <span class='ocrx_word' id='word_1_280' title='bbox 885 3253 977 3311; x_wconf 81' lang='lat' dir='ltr'><strong>rerba</strong></span> <span class='ocrx_word' id='word_1_281' title='bbox 990 3251 1135 3327; x_wconf 76' lang='lat' dir='ltr'><strong>fecimus,</strong></span> <span class='ocrx_word' id='word_1_282' title='bbox 1157 3249 1239 3331; x_wconf 89' lang='lat' dir='ltr'><strong>quod</strong></span> <span class='ocrx_word' id='word_1_283' title='bbox 1249 3249 1365 3326; x_wconf 76' lang='lat' dir='ltr'><strong>nulga-</strong></span> 
     </span>
     <span class='ocr_line' id='line_1_35' title="bbox 270 3332 1365 3417; baseline 0.006 -32"><span class='ocrx_word' id='word_1_284' title='bbox 270 3345 372 3386; x_wconf 85' lang='lat' dir='ltr'><strong>rorum</strong></span> <span class='ocrx_word' id='word_1_285' title='bbox 392 3332 530 3411; x_wconf 76' lang='lat' dir='ltr'><strong>princepe</strong></span> <span class='ocrx_word' id='word_1_286' title='bbox 547 3332 688 3415; x_wconf 73' lang='grc' dir='ltr'><strong>βασιλεύς</strong></span> <span class='ocrx_word' id='word_1_287' title='bbox 702 3337 884 3416; x_wconf 80' lang='lat' dir='ltr'><strong>appelletur,</strong></span> <span class='ocrx_word' id='word_1_288' title='bbox 903 3338 997 3416; x_wconf 83' lang='lat' dir='ltr'><strong>legati</strong></span> <span class='ocrx_word' id='word_1_289' title='bbox 1011 3355 1131 3417; x_wconf 88' lang='lat' dir='ltr'><strong>quoque</strong></span> <span class='ocrx_word' id='word_1_290' title='bbox 1147 3339 1212 3394; x_wconf 88' lang='lat' dir='ltr'><strong>eius</strong></span> <span class='ocrx_word' id='word_1_291' title='bbox 1230 3335 1365 3394; x_wconf 82' lang='lat' dir='ltr'><strong>omnium</strong></span> 
     </span>
     <span class='ocr_line' id='line_1_36' title="bbox 270 3415 1364 3502; baseline 0.01 -33"><span class='ocrx_word' id='word_1_292' title='bbox 270 3415 407 3490; x_wconf 80' lang='lat' dir='ltr'><strong>gentium</strong></span> <span class='ocrx_word' id='word_1_293' title='bbox 437 3415 545 3496; x_wconf 84' lang='lat' dir='ltr'><strong>legatis</strong></span> <span class='ocrx_word' id='word_1_294' title='bbox 571 3423 845 3501; x_wconf 82' lang='lat' dir='ltr'><strong>praeponebantur3</strong></span> <span class='ocrx_word' id='word_1_295' title='bbox 880 3420 960 3502; x_wconf 90' lang='lat' dir='ltr'><strong>quod</strong></span> <span class='ocrx_word' id='word_1_296' title='bbox 984 3439 1025 3481; x_wconf 87' lang='lat' dir='ltr'><strong>ex</strong></span> <span class='ocrx_word' id='word_1_297' title='bbox 1045 3419 1231 3500; x_wconf 85' lang='lat' dir='ltr'><strong>Luitprando</strong></span> <span class='ocrx_word' id='word_1_298' title='bbox 1259 3420 1364 3500; x_wconf 81' lang='lat' dir='ltr'><strong>liquet.</strong></span> 
     </span>
     <span class='ocr_line' id='line_1_37' title="bbox 271 3499 1366 3585; baseline 0.015 -30"><span class='ocrx_word' id='word_1_299' title='bbox 271 3499 356 3556; x_wconf 78' lang='lat' dir='ltr'><strong>errius</strong></span> <span class='ocrx_word' id='word_1_300' title='bbox 374 3507 471 3560; x_wconf 87' lang='lat' dir='ltr'><strong>toturn</strong></span> <span class='ocrx_word' id='word_1_301' title='bbox 494 3522 530 3566; x_wconf 81' lang='lat' dir='ltr'><strong>ea</strong></span> <span class='ocrx_word' id='word_1_302' title='bbox 553 3501 590 3562; x_wconf 87' lang='lat' dir='ltr'><strong>dc</strong></span> <span class='ocrx_word' id='word_1_303' title='bbox 611 3525 643 3563; x_wconf 86' lang='lat' dir='ltr'><strong>re</strong></span> <span class='ocrx_word' id='word_1_304' title='bbox 665 3507 767 3566; x_wconf 89' lang='lat' dir='ltr'><strong>locum</strong></span> <span class='ocrx_word' id='word_1_305' title='bbox 784 3503 835 3565; x_wconf 87' lang='lat' dir='ltr'><strong>hio</strong></span> <span class='ocrx_word' id='word_1_306' title='bbox 850 3505 1034 3567; x_wconf 75' lang='lat' dir='ltr'><strong>adscribam:</strong></span> <span class='ocrx_word' id='word_1_307' title='bbox 1055 3525 1182 3585; x_wconf 72' lang='lat' dir='ltr'><strong>nonque</strong></span> <span class='ocrx_word' id='word_1_308' title='bbox 1201 3503 1366 3583; x_wconf 76' lang='lat' dir='ltr'><strong>indiguam</strong></span> 
     </span>
     <span class='ocr_line' id='line_1_38' title="bbox 245 3580 1366 3670; baseline 0.007 -32"><span class='ocrx_word' id='word_1_309' title='bbox 245 3581 354 3653; x_wconf 70' lang='lat' dir='ltr'><strong>subire</strong></span> <span class='ocrx_word' id='word_1_310' title='bbox 373 3582 493 3656; x_wconf 74' lang='lat' dir='ltr'><strong>vellem,</strong></span> <span class='ocrx_word' id='word_1_311' title='bbox 513 3587 577 3646; x_wconf 86' lang='lat' dir='ltr'><strong>Lao</strong></span> <span class='ocrx_word' id='word_1_312' title='bbox 597 3592 782 3668; x_wconf 72' lang='lat' dir='ltr'><strong>coropalates</strong></span> <span class='ocrx_word' id='word_1_313' title='bbox 799 3593 986 3670; x_wconf 58' lang='lat' dir='ltr'><strong>inperatoris</strong></span> <span class='ocrx_word' id='word_1_314' title='bbox 989 3580 1094 3670; x_wconf 78' lang='lat' dir='ltr'><strong>frater</strong></span> <span class='ocrx_word' id='word_1_315' title='bbox 1105 3601 1136 3648; x_wconf 78' lang='lat' dir='ltr'><strong>et</strong></span> <span class='ocrx_word' id='word_1_316' title='bbox 1142 3589 1366 3668; x_wconf 75' lang='lat' dir='ltr'><strong>protoasecretis</strong></span> 
     </span>
     <span class='ocr_line' id='line_1_39' title="bbox 273 3669 1368 3755; baseline 0.005 -29"><span class='ocrx_word' id='word_1_317' title='bbox 273 3669 395 3727; x_wconf 78' lang='lat' dir='ltr'><strong>Simeon</strong></span> <span class='ocrx_word' id='word_1_318' title='bbox 413 3689 493 3748; x_wconf 80' lang='lat' dir='ltr'><strong>pone</strong></span> <span class='ocrx_word' id='word_1_319' title='bbox 512 3691 560 3731; x_wconf 85' lang='lat' dir='ltr'><strong>me</strong></span> <span class='ocrx_word' id='word_1_320' title='bbox 580 3687 758 3755; x_wconf 74' lang='lat' dir='ltr'><strong>aequaretur,</strong></span> <span class='ocrx_word' id='word_1_321' title='bbox 786 3675 862 3736; x_wconf 77' lang='lat' dir='ltr'><strong>leaeo</strong></span> <span class='ocrx_word' id='word_1_322' title='bbox 879 3678 1037 3737; x_wconf 62' lang='lat' dir='ltr'><strong>wenta.-</strong></span> <span class='ocrx_word' id='word_1_323' title='bbox 1070 3696 1141 3735; x_wconf 83' lang='lat' dir='ltr'><strong>eum</strong></span> <span class='ocrx_word' id='word_1_324' title='bbox 1163 3673 1368 3752; x_wconf 67' lang='lat' dir='ltr'><strong>carcophori</strong></span> 
     </span>
     <span class='ocr_line' id='line_1_40' title="bbox 260 3755 1367 3842; baseline 0.023 -31"><span class='ocrx_word' id='word_1_325' title='bbox 260 3755 368 3828; x_wconf 81' lang='lat' dir='ltr'><strong>filiam</strong></span> <span class='ocrx_word' id='word_1_326' title='bbox 397 3755 523 3815; x_wconf 81' lang='lat' dir='ltr'><strong>Petrum</strong></span> <span class='ocrx_word' id='word_1_327' title='bbox 550 3758 761 3840; x_wconf 80' lang='lat' dir='ltr'><strong>Bulgurornm</strong></span> <span class='ocrx_word' id='word_1_328' title='bbox 783 3762 917 3823; x_wconf 71' lang='lat' dir='ltr'><strong>vocalem</strong></span> <span class='ocrx_word' id='word_1_329' title='bbox 943 3763 1102 3842; x_wconf 56' lang='lat' dir='ltr'><strong>conrogato</strong></span> <span class='ocrx_word' id='word_1_330' title='bbox 1122 3758 1255 3831; x_wconf 59' lang='lat' dir='ltr'><strong>&amp;wele</strong></span> <span class='ocrx_word' id='word_1_331' title='bbox 1285 3778 1367 3837; x_wconf 62' lang='lat' dir='ltr'><em>W</em></span> 
     </span>
     <span class='ocr_line' id='line_1_41' title="bbox 265 3839 1368 3925; baseline 0.016 -29"><span class='ocrx_word' id='word_1_332' title='bbox 265 3839 385 3916; x_wconf 80' lang='lat' dir='ltr'><strong>phono,</strong></span> <span class='ocrx_word' id='word_1_333' title='bbox 411 3841 448 3899; x_wconf 79' lang='lat' dir='ltr'><strong>id</strong></span> <span class='ocrx_word' id='word_1_334' title='bbox 466 3853 522 3913; x_wconf 80' lang='lat' dir='ltr'><strong>est,</strong></span> <span class='ocrx_word' id='word_1_335' title='bbox 544 3849 740 3905; x_wconf 76' lang='lat' dir='ltr'><strong>concurrentia</strong></span> <span class='ocrx_word' id='word_1_336' title='bbox 758 3849 873 3925; x_wconf 70' lang='lat' dir='ltr'><strong>scripto</strong></span> <span class='ocrx_word' id='word_1_337' title='bbox 891 3851 1059 3906; x_wconf 62' lang='lat' dir='ltr'><strong>&amp;ammento</strong></span> <span class='ocrx_word' id='word_1_338' title='bbox 1072 3847 1204 3923; x_wconf 73' lang='lat' dir='ltr'><strong>firm</strong></span> <span class='ocrx_word' id='word_1_339' title='bbox 1226 3853 1311 3913; x_wconf 60' lang='lat' dir='ltr'><strong>mol,</strong></span> <span class='ocrx_word' id='word_1_340' title='bbox 1332 3851 1368 3900; x_wconf 58' lang='grc' dir='ltr'><em>Μ</em></span> 
     </span>
     <span class='ocr_line' id='line_1_42' title="bbox 269 3927 1367 4011; baseline 0.006 -28"><span class='ocrx_word' id='word_1_341' title='bbox 269 3928 403 3984; x_wconf 78' lang='lat' dir='ltr'><strong>omnium</strong></span> <span class='ocrx_word' id='word_1_342' title='bbox 412 3929 550 4005; x_wconf 77' lang='lat' dir='ltr'><strong>gentium</strong></span> <span class='ocrx_word' id='word_1_343' title='bbox 564 3932 719 4009; x_wconf 63' lang='lat' dir='ltr'><strong>operulae,</strong></span> <span class='ocrx_word' id='word_1_344' title='bbox 739 3931 775 3990; x_wconf 72' lang='lat' dir='ltr'><strong>td</strong></span> <span class='ocrx_word' id='word_1_345' title='bbox 787 3943 831 3989; x_wconf 80' lang='lat' dir='ltr'><strong>eet</strong></span> <span class='ocrx_word' id='word_1_346' title='bbox 840 3933 968 4003; x_wconf 62' lang='lat' dir='ltr'><strong>mendae,</strong></span> <span class='ocrx_word' id='word_1_347' title='bbox 984 3951 1079 4011; x_wconf 77' lang='lat' dir='ltr'><strong>partas</strong></span> <span class='ocrx_word' id='word_1_348' title='bbox 1088 3951 1144 3990; x_wconf 79' lang='lat' dir='ltr'><strong>noe</strong></span> <span class='ocrx_word' id='word_1_349' title='bbox 1156 3927 1367 4008; x_wconf 68' lang='lat' dir='ltr'><strong>Belgamrum</strong></span> 
     </span>
     <span class='ocr_line' id='line_1_43' title="bbox 270 4009 1368 4096; baseline 0.003 -30"><span class='ocrx_word' id='word_1_350' title='bbox 270 4009 399 4086; x_wconf 69' lang='lat' dir='ltr'><strong>apostoli</strong></span> <span class='ocrx_word' id='word_1_351' title='bbox 415 4025 656 4096; x_wconf 77' lang='lat' dir='ltr'><strong>proeponontur,</strong></span> <span class='ocrx_word' id='word_1_352' title='bbox 677 4017 870 4089; x_wconf 73' lang='lat' dir='ltr'><strong>honorentur,</strong></span> <span class='ocrx_word' id='word_1_353' title='bbox 890 4018 1072 4096; x_wconf 71' lang='lat' dir='ltr'><strong>drlignrstrsr.</strong></span> <span class='ocrx_word' id='word_1_354' title='bbox 1116 4023 1271 4095; x_wconf 88' lang='lat' dir='ltr'><strong>praeterea</strong></span> <span class='ocrx_word' id='word_1_355' title='bbox 1290 4013 1368 4072; x_wconf 82' lang='lat' dir='ltr'><strong>Bul·</strong></span> 
     </span>
     <span class='ocr_line' id='line_1_44' title="bbox 271 4093 1368 4182; baseline 0.005 -33"><span class='ocrx_word' id='word_1_356' title='bbox 271 4097 371 4170; x_wconf 82' lang='lat' dir='ltr'><strong>gariae</strong></span> <span class='ocrx_word' id='word_1_357' title='bbox 395 4093 635 4181; x_wconf 84' lang='lat' dir='ltr'><strong>archiepiscopus</strong></span> <span class='ocrx_word' id='word_1_358' title='bbox 655 4096 862 4178; x_wconf 67' lang='lat' dir='ltr'><strong>udrmlpuioe</strong></span> <span class='ocrx_word' id='word_1_359' title='bbox 885 4123 1059 4182; x_wconf 86' lang='lat' dir='ltr'><strong>supremum</strong></span> <span class='ocrx_word' id='word_1_360' title='bbox 1079 4103 1113 4158; x_wconf 91' lang='lat' dir='ltr'><strong>in</strong></span> <span class='ocrx_word' id='word_1_361' title='bbox 1136 4101 1368 4159; x_wconf 73' lang='lat' dir='ltr'><strong>ecclesiastaes</strong></span> 
     </span>
    </p>
   </div>
   <div class='ocr_carea' id='block_1_7' title="bbox 271 4176 1368 4357">
    <p class='ocr_par' dir='ltr' id='par_1_7' title="bbox 271 4176 1368 4357">
     <span class='ocr_line' id='line_1_45' title="bbox 271 4176 1368 4268; baseline 0.006 -35"><span class='ocrx_word' id='word_1_362' title='bbox 271 4177 318 4234; x_wconf 83' lang='lat' dir='ltr'><strong>ius</strong></span> <span class='ocrx_word' id='word_1_363' title='bbox 339 4176 485 4256; x_wconf 85' lang='lat' dir='ltr'><strong>habebat,</strong></span> <span class='ocrx_word' id='word_1_364' title='bbox 507 4205 606 4266; x_wconf 87' lang='lat' dir='ltr'><strong>nequo</strong></span> <span class='ocrx_word' id='word_1_365' title='bbox 630 4185 816 4266; x_wconf 74' lang='lat' dir='ltr'><strong>patriarchae</strong></span> <span class='ocrx_word' id='word_1_366' title='bbox 835 4190 992 4268; x_wconf 86' lang='lat' dir='ltr'><strong>Cpolitano</strong></span> <span class='ocrx_word' id='word_1_367' title='bbox 1008 4197 1060 4246; x_wconf 89' lang='lat' dir='ltr'><strong>ant</strong></span> <span class='ocrx_word' id='word_1_368' title='bbox 1073 4187 1129 4245; x_wconf 87' lang='lat' dir='ltr'><strong>ulli</strong></span> <span class='ocrx_word' id='word_1_369' title='bbox 1146 4187 1200 4243; x_wconf 90' lang='lat' dir='ltr'><strong>alii</strong></span> <span class='ocrx_word' id='word_1_370' title='bbox 1216 4183 1368 4241; x_wconf 81' lang='lat' dir='ltr'><strong>subiectus</strong></span> 
     </span>
     <span class='ocr_line' id='line_1_46' title="bbox 272 4263 1368 4357; baseline 0.008 -41"><span class='ocrx_word' id='word_1_371' title='bbox 272 4271 344 4321; x_wconf 85' lang='lat' dir='ltr'><strong>erat.</strong></span> <span class='ocrx_word' id='word_1_372' title='bbox 388 4263 478 4330; x_wconf 81' lang='lat' dir='ltr'><strong>fidem</strong></span> <span class='ocrx_word' id='word_1_373' title='bbox 496 4270 610 4332; x_wconf 85' lang='lat' dir='ltr'><strong>faciunt</strong></span> <span class='ocrx_word' id='word_1_374' title='bbox 635 4270 883 4357; x_wconf 81' lang='lat' dir='ltr'><strong>Theophylsctus</strong></span> <span class='ocrx_word' id='word_1_375' title='bbox 906 4275 939 4332; x_wconf 88' lang='lat' dir='ltr'><strong>in</strong></span> <span class='ocrx_word' id='word_1_376' title='bbox 960 4271 1078 4354; x_wconf 85' lang='lat' dir='ltr'><strong>epistol.</strong></span> <span class='ocrx_word' id='word_1_377' title='bbox 1102 4281 1133 4330; x_wconf 87' lang='lat' dir='ltr'><strong>ot</strong></span> <span class='ocrx_word' id='word_1_378' title='bbox 1154 4271 1317 4330; x_wconf 83' lang='lat' dir='ltr'><strong>Balsarnon</strong></span> <span class='ocrx_word' id='word_1_379' title='bbox 1335 4268 1368 4324; x_wconf 88' lang='lat' dir='ltr'><strong>iu</strong></span> 
     </span>
    </p>
   </div>
   <div class='ocr_carea' id='block_1_8' title="bbox 0 0 1560 4850">
    <p class='ocr_par' dir='ltr' id='par_1_8' title="bbox 0 0 1560 4850">
     <span class='ocr_line' id='line_1_47' title="bbox 0 0 1560 4850; baseline 0 0"><span class='ocrx_word' id='word_1_380' title='bbox 0 0 1560 4850; x_wconf 95' lang='lat' dir='ltr'><strong> </strong></span> 
     </span>
    </p>
   </div>
  </div>
 </body>
</html>
