3100 4850
498 300 800 369 ACROPOLITAM
823 302 975 371 NOTAE
1207 307 1281 377 213

275 485 305 545 p·
319 466 339 529 7
355 485 385 525 v.
403 466 453 529 11.
496 462 533 529 cd
546 461 646 529 aduro
658 466 771 549 χαίρειν
783 461 891 547 ἐάσας]
912 489 986 529 narn
998 478 1066 549 post
1079 486 1212 547 pugnam
1227 468 1282 530 de-

190 562 362 627 trectatum,
385 562 414 609 et
431 552 510 609 malo
534 554 622 629 genio
641 552 672 608 in
696 552 801 629 sugam
816 556 1005 631 impellente,
1026 558 1059 613 in
1074 554 1218 632 palatium
1232 576 1281 613 re-

191 656 293 695 sersus
309 656 377 694 cum
391 640 474 693 Irene
489 636 550 693 filia
564 647 594 694 et
606 634 709 693 decern
723 640 789 697 auri
805 642 999 715 centenariis,
1021 657 1090 697 cum
1104 640 1163 697 alio
1178 652 1282 699 ornatu

189 724 379 801 imperatorio
403 740 443 778 ex
465 723 602 799 pretiosis
622 724 750 798 gemmis
776 732 806 779 et
826 726 991 802 perspicuis
1012 727 1198 801 margaritis,
1227 726 1281 784 sub

190 810 320 886 primam
331 808 426 865 noctis
440 806 575 885 vigiliam
586 807 745 865 Debeltum
758 806 920 867 contendit.
943 806 1087 869 Choninta
1100 828 1133 888 p.
1146 813 1208 875 723
1229 810 1282 873 24.

190 894 267 951 Ana.
690 904 696 917 ‘

273 974 315 1035 ib.
331 994 361 1033 r·
378 978 428 1039 ts.
471 972 570 1055 Δαβὶδ
584 971 709 1057 pcyoir]
732 978 850 1055 Regum
863 977 917 1036 lib.
934 979 952 1041 1
969 996 1035 1056 cop·
1049 980 1091 1042 28
1106 997 1137 1036 v·
1154 981 1209 1041 13:
1230 978 1284 1041 sci

190 1055 341 1143 ιῖπηγγίλη
354 1063 394 1143 τῷ
407 1057 510 1123 Σαούλ
523 1056 567 1123 b'ri
581 1060 775 1123 tassionem
789 1062 888 1141 Δαβὶδ
900 1061 934 1125 ἐκ
948 1056 1052 1125 Keila'.
1093 1065 1282 1121 ntmltctum-

190 1166 248 1225 qne
270 1154 313 1202 est
338 1144 429 1203 Sauli
447 1145 529 1225 quod
538 1144 675 1226 fugisset
697 1146 806 1204 David
826 1146 864 1205 de
886 1147 969 1206 coda
990 1159 1018 1205 et
1038 1145 1175 1205 salvatus
1197 1160 1278 1207 esset.

189 1241 220 1288 et
241 1231 293 1289 lib.
313 1233 333 1293 Ξ
353 1250 418 1308 cap.
443 1230 480 1295 15
503 1251 532 1288 v.
559 1234 606 1293 ld.
649 1231 726 1309 fugit
746 1232 784 1291 ab
802 1232 880 1290 facie
903 1232 1087 1304 Absalomis,
1118 1250 1282 1311 omnesque

189 1333 273 1387 suos,
294 1334 369 1394 quos
384 1317 600 1395 Hierosolymis
614 1312 762 1392 habebat,
784 1327 818 1374 ut
833 1318 950 1397 fugiant
964 1315 1114 1391 bortatnr3
1137 1335 1196 1396 quo
1210 1336 1282 1396 spe-

189 1410 249 1459 ctat
267 1402 419 1479 inscriptio
437 1401 549 1459 Psalm.
562 1405 593 1464 3.
635 1401 757 1461 Douss.

272 1482 313 1543 ἱό.
331 1506 361 1542 v·
378 1484 428 1549 14.
470 1481 527 1565 triv
539 1483 687 1567 γυναῖκα]
711 1484 748 1545 de
763 1506 858 1545 uxore
870 1506 910 1545 ne
924 1486 1049 1548 verbum
1063 1485 1187 1568 quidem
1199 1484 1281 1546 cho-

187 1570 286 1643 niata3
308 1580 425 1629 tantum
438 1568 579 1630 adrectae
594 1590 696 1629 secum
710 1572 788 1629 filiae
801 1573 955 1648 meminit,
977 1592 1068 1652 quarn
1078 1575 1170 1631 tacuit
1182 1583 1282 1632 noster
1377 1598 1381 1605 ·

187 1654 369 1733 Acropolita.
412 1653 492 1713 unde
508 1676 578 1715 vero
593 1654 693 1715 hausit
709 1654 843 1718 Blandus
857 1658 940 1719 lino
955 1656 1095 1721 Decad2
1109 1656 1281 1717 Historiae?

115 1732 120 1742 ’
187 1738 232 1797 acl
252 1761 319 1799 eum
339 1740 501 1799 trimullum
522 1742 555 1799 in
575 1740 647 1798 urbs
668 1742 817 1800 coricium»
836 1742 967 1801 Alexius
981 1742 1134 1818 petriculo
1150 1745 1281 1812 territus,

187 1836 271 1883 nocte
286 1824 429 1884 coricubia
435 1826 577 1904 fugiens,
599 1827 747 1902 ingentem
765 1825 951 1895 thesaursun,
972 1826 1057 1903 quod
1065 1838 1172 1903 postea
1190 1830 1281 1883 resci-

187 1918 252 1967 tum
272 1920 327 1979 est,
348 1910 434 1987 opud
448 1912 595 1967 Hirenem
607 1910 714 1983 filiam
736 1912 883 1988 virginem
897 1910 931 1971 in'
942 1913 1118 1971 monasterti>
1130 1911 1168 1967 de
1182 1930 1281 1969 ossum

185 1994 317 2072 reliquit.
363 2004 394 2051 et
408 1994 573 2053 Sabellicus
587 1992 723 2055 Euneod.
743 1998 762 2057 9
781 1995 886 2057 lib.5:
912 1994 1030 2056 Venetis
1051 1996 1085 2051 in
1104 2014 1205 2052 muros
1226 2016 1281 2053 ac-

187 2076 357 2137 cedentibus
377 2088 404 2135 et
425 2080 458 2137 iri
482 2077 586 2137 urbem
607 2080 769 2157 irrupturis
788 2079 917 2139 adversa
939 2081 973 2137 vi
998 2079 1109 2143 Graeci
1126 2082 1275 2137 resistant.

185 2184 275 2241 aegre
295 2160 367 2221 urbs
381 2166 487 2241 pruna
507 2164 555 2223 die
575 2174 617 2221 est
638 2164 771 2243 defensa.
817 2176 914 2235 nocte,
935 2183 1013 2242 qnae
1026 2164 1164 2241 deinceps
1177 2175 1280 2223 secuta

185 2258 243 2319 est,
263 2248 393 2305 Alexiroe
408 2250 581 2329 imperator,
601 2248 764 2327 desperatis
780 2245 881 2319 rebus,
902 2267 992 2305 rixore
1003 2259 1030 2305 et
1042 2246 1143 2307 liberis
1155 2248 1279 2319 relictis,

185 2332 299 2391 occulte
301 2334 420 2413 sugam
433 2344 572 2413 occupat,
593 2354 704 2413 magno
718 2335 789 2393 ariri
799 2334 931 2411 pondere
941 2332 1029 2411 opud
1035 2334 1279 2409 Irenerrsfilicm,

185 2439 281 2478 ursum
296 2439 331 2476 es
341 2420 435 2478 saeris
447 2417 628 2500 virginibus,
649 2418 736 2478 hunsi
748 2418 874 2499 defosso.
918 2421 996 2478 Ans.

269 2525 301 2583 p·
321 2507 342 2568 8
363 2524 392 2564 v.
413 2509 445 2570 2.
485 2499 601 2568 Ἰταλῶν
629 2497 855 2583 meresinae]
886 2505 1078 2585 postulabant
1104 2506 1186 2568 caim
1215 2505 1280 2562 suri

185 2592 370 2650 centenarios
398 2593 615 2672 quinquaginta
638 2593 741 2650 statim
762 2589 981 2666 numerandos,
1010 2601 1040 2650 et
1064 2586 1280 2650 adliciebantur

185 2673 374 2734 condiclones
396 2672 587 2751 durissimae,
608 2677 779 2736 tolerabiles
793 2686 895 2736 tamen
910 2695 967 2734 nec
984 2677 1120 2736 omnium
1135 2673 1279 2733 difficilli-

184 2779 269 2833 mae,
292 2761 400 2840 quibus
421 2763 599 2842 captivitatis
619 2763 788 2842 pericnlum
801 2762 978 2824 imminebat
992 2780 1028 2818 ao
1039 2761 1196 2840 publicum
1210 2761 1279 2818 exi·

183 2847 270 2904 tium.
312 2847 390 2906 Ana·

269 2925 311 2984 ilt-
326 2948 356 2984 v·
371 2931 401 2991 8.
443 2933 503 2991 τῶν
515 2929 606 3010 [spois
618 2927 797 3008 κειμηλίων]
819 2929 977 2987 consilinm
988 2928 1094 2988 Isaacii
1104 2935 1222 2986 secutus
1234 2937 1280 2984 est

184 3012 312 3070 Alexius
327 3013 421 3085 lilius,
443 3025 628 3072 sacrosancta
644 3015 806 3093 profanans
820 3023 850 3072 et
865 3014 978 3091 templa
992 3011 1153 3087 invadens,
1175 3019 1209 3069 ut
1221 3031 1278 3070 nec

184 3100 276 3156 sacris
296 3097 479 3175 imaginibus
498 3107 648 3176 parceret,
671 3117 799 3178 quarum
813 3108 951 3157 ornatum
966 3097 1123 3178 abreptum
1135 3099 1279 3174 imagini-

183 3181 240 3241 bus
253 3184 325 3262 ipsis
342 3179 427 3240 humi
443 3185 581 3262 proiectis
596 3192 626 3240 et
638 3202 722 3242 sacra
736 3201 810 3241 ensa
826 3182 863 3240 ab
878 3181 1049 3244 iisdemmet
1058 3183 1180 3261 templis
1194 3192 1280 3260 rapta

184 3277 215 3326 et
228 3268 353 3326 conflata
366 3279 400 3326 ut
413 3268 536 3346 vulgare
549 3287 656 3327 aurum
672 3278 702 3326 et
717 3279 874 3346 argentum
886 3265 1021 3328 hostibus
1035 3265 1135 3326 dabat.
1178 3268 1278 3344 genti-

182 3350 260 3410 lium
275 3373 311 3412 ea
324 3355 382 3412 tuit
395 3355 514 3432 opinio,
537 3351 576 3412 ad
591 3353 826 3414 conservandam
837 3354 1064 3432 rempublicam
1077 3351 1188 3430 templa
1203 3349 1278 3410 deo-

183 3456 252 3496 rum
274 3456 492 3519 nonnunquam
511 3437 663 3498 denudare
682 3439 784 3498 licere.
827 3437 944 3500 Seneca
966 3440 1105 3497 Controv.
1118 3436 1156 3500 4:
1172 3457 1232 3514 pro
1247 3457 1280 3493 re

178 3521 308 3600 publica
323 3524 503 3604 plerumque
523 3523 635 3602 templa
653 3523 823 3594 nudantur,
844 3526 924 3582 etin
940 3543 1028 3582 usum
1042 3521 1185 3601 sapaudi
1198 3521 1280 3578 dona

183 3608 365 3684 conflantur.
403 3611 501 3668 Nerva
516 3619 550 3668 ut
564 3607 716 3687 impendia
733 3605 931 3684 contraheret,
952 3609 1094 3668 sacrificia
1107 3627 1168 3666 non
1183 3623 1280 3684 panca

182 3691 312 3751 sustulit.
355 3691 409 3752 sed
432 3713 540 3772 perum
561 3695 647 3754 nobis
672 3693 746 3774 quid
766 3695 893 3772 gentiles
915 3696 1073 3755 senserint.
1120 3689 1281 3751 Christiani

182 3773 400 3854 Christianam,
422 3798 525 3839 reram
538 3799 648 3858 nempe
664 3777 830 3838 doctrinam
843 3778 1068 3859 amplectimur,
1090 3787 1121 3835 et
1141 3771 1278 3833 denudo-

183 3863 297 3922 tionem
311 3863 493 3943 templorum
509 3865 655 3939 similem,
677 3866 703 3924 si
720 3867 898 3939 necessitas,
922 3883 1014 3942 quam
1030 3864 1114 3941 leges
1131 3861 1279 3940 praescri-

181 3945 276 4023 bunt,
299 3945 445 4024 deluerit,
467 3958 497 4007 et
519 3951 680 4010 auctofflas
694 3950 840 4030 pontilicis
854 3947 1061 4021 concedentis,
1086 3943 1278 4006 detestamur.

183 4031 291 4090 Graeci
304 4032 375 4092 licet
389 4035 451 4093 luis
466 4045 628 4114 temperet
642 4037 675 4092 in
689 4036 828 4094 omnibns
845 4034 1132 4112 supparasitarentnr
1146 4031 1280 4108 impera-

183 4117 315 4192 toribus,
340 4121 477 4199 rapinam
493 4117 572 4179 hano
587 4121 713 4179 summis
729 4122 821 4182 etiarn
835 4115 1020 4192 maledictis,
1041 4136 1104 4175 non
1120 4117 1184 4174 sine
1199 4113 1282 4172 indi-

183 4205 326 4278 gnatione
351 4205 509 4264 lacessere.
558 4207 678 4264 Nicetes
698 4203 736 4262 de
754 4205 869 4262 isaacio
889 4202 1008 4280 Angelo
1031 4212 1061 4259 et
1083 4201 1193 4258 Alexio
1219 4199 1281 4256 tilio

184 4305 216 4364 p·
232 4290 296 4351 729
318 4289 349 4352 8·
393 4307 522 4370 quoctun
543 4289 677 4350 conferre
699 4290 814 4348 iuvabit
834 4307 913 4370 qnae
933 4291 1021 4347 Anna
1041 4289 1192 4346 comnena
1211 4292 1284 4342 sior·
