3100 4850
280 344 355 417 212
678 341 724 410 IN
750 340 978 409 GEORGIUM

280 520 390 589 guntur
412 506 584 567 Bonilncins
606 506 739 566 marchio
759 502 1376 579 Montislemti,Flundr1necomesle-

280 596 406 669 duinns,
436 613 536 653 comes
555 594 657 651 Sancti
679 594 766 651 Pauli
791 595 912 665 Ericus,
941 592 1147 654 comesl’lese
1165 591 1323 662 Doloicns,
1345 600 1377 646 et

281 682 333 738 elii
354 679 538 758 complures,
570 676 663 737 tradit
684 676 848 755 Chonistn,
878 674 1006 737 audaces
1026 677 1187 735 bellatores
1213 685 1244 732 et
1264 684 1377 732 stature

282 767 343 822 suis
371 761 473 823 hostis.
489 762 707 843 propemodum
730 782 828 841 pares.
869 766 994 821 nuvium
1009 772 1073 820 toto
1093 762 1222 820 triennio
1243 761 1376 817 venetiis

281 850 506 923 fabricatorum,
533 868 589 907 nec
614 868 676 906 nou
705 850 858 929 equitum,
889 858 919 905 et
945 848 1077 905 militum
1105 864 1264 904 numerum
1283 841 1376 901 hebes

282 932 363 1012 apud
389 932 519 992 eundem
548 931 745 1008 choniatam,
785 923 938 991 Andecaui
963 930 1138 989 Dnudolum
1166 934 1244 989 Hist.
1270 932 1375 989 Venet.

280 1020 334 1076 lib.
358 1023 396 1084 10
421 1038 487 1097 cap.
512 1020 531 1080 8
558 1029 588 1077 et
612 1020 697 1077 ulios.
740 1020 828 1097 pluro
851 1015 961 1075 ducum
986 1020 1107 1075 nomine
1132 1014 1213 1096 opud
1236 1014 1377 1074 Iacobum

281 1106 438 1183 Meyerum
455 1106 487 1161 iu
502 1104 612 1162 Annsl.
626 1102 807 1178 Flsndricis,
829 1122 907 1161 nuno
926 1104 1018 1166 1208.
1060 1104 1138 1160 Ans.

365 1208 396 1268 p-
414 1192 433 1251 6
448 1208 478 1245 v·
498 1190 546 1253 16.
590 1180 630 1264 ἦν
649 1186 682 1251 δὲ
702 1182 861 1261 ἆτοῦτοας
875 1184 1098 1265 συναθροίσας]
1120 1186 1252 1263 maligne
1270 1181 1377 1241 edmo-

282 1270 355 1331 dum
370 1283 473 1331 noster
490 1273 661 1351 Acropolito
677 1293 798 1332 causum
814 1274 988 1350 cpolitenne
1003 1270 1204 1350 expeditionis
1218 1272 1250 1326 ‘m
1265 1270 1377 1327 Romo-

282 1378 356 1416 num
382 1356 569 1436 pontificem,
592 1368 626 1415 ut
648 1360 681 1415 in
705 1378 774 1415 eum
797 1358 978 1416 Graecorum
1000 1354 1070 1415 odio
1092 1360 1217 1427 excitet,
1240 1356 1376 1425 coniicit3

282 1460 374 1522 quom
399 1444 495 1519 magis
521 1443 651 1519 ingenue
671 1444 703 1499 iu
723 1445 852 1501 Venetos
878 1452 1034 1500 eteorum
1058 1439 1166 1499 ducem
1192 1436 1377 1511 Dandulnm,

283 1529 421 1599 GraeoIs,
443 1536 476 1582 ut
489 1523 637 1599 diximus,
659 1528 892 1600 infensissimos,
916 1528 968 1585 olii
981 1526 1123 1584 refemnt.
1165 1522 1378 1583 Dandulimu-

283 1610 387 1669 chinus
407 1620 437 1667 et
456 1620 549 1685 ortes,
572 1612 680 1690 quibus
694 1613 820 1670 classem
834 1612 921 1669 illum
934 1614 1093 1684 instruxit,
1115 1608 1260 1669 Chonintn
1273 1611 1379 1666 minn-

281 1700 368 1755 tntim
389 1706 500 1753 nerent.
543 1696 676 1755 alienum
689 1698 836 1775 pontificis
851 1698 1017 1755 iunocentii
1031 1699 1165 1754 animum
1180 1696 1218 1752 eb
1232 1712 1266 1751 eo
1281 1713 1380 1771 expe-

283 1779 411 1853 ditione,
433 1799 525 1861 quom
537 1784 663 1840 summis
677 1783 831 1841 nortatibus
842 1782 1019 1860 procumbat
1031 1778 1165 1839 marchio
1179 1779 1379 1837 Moutisiernti

281 1864 471 1939 Bonifncius,
493 1867 565 1925 ostis
586 1868 672 1927 uobis
689 1865 823 1925 iudicent
839 1865 975 1925 eiusdem
994 1868 1161 1925 iunocentii
1178 1863 1218 1921 cd
1233 1864 1379 1922 Alexium

282 1952 386 2009 literae
400 1961 429 2007 et
445 1961 546 2009 auctor
559 1950 639 2011 illius
654 1962 798 2011 octomm.
842 1954 905 2029 ipse
917 1972 998 2021 vero,
1020 1949 1169 2024 marchio,
1179 2002 1184 2011 ,
1193 1950 1231 2007 de
1244 1948 1378 2007 ἣαηοία

278 2056 336 2113 per
356 2036 575 2093 Alemanm'orrr
594 2039 754 2095 transitum
767 2038 862 2117 feroit,
883 2035 938 2093 obi
958 2058 1028 2093 cum
1047 2036 1192 2113 Philippo
1206 2034 1282 2091 (lnce
1299 2034 1378 2090 Sne-

281 2124 362 2190 νέαι,
393 2122 447 2199 qni
464 2140 494 2179 se
514 2142 613 2199 regem
630 2122 766 2199 gerebat,
795 2120 951 2179 dicebatur
972 2120 1112 2179 babuisse
1137 2130 1312 2189 tractatum,
1341 2136 1380 2174 ne

282 2206 428 2263 Alexium
449 2210 594 2264 sororium
611 2228 713 2278 snum,
726 2207 836 2281 filiurn
849 2206 987 2263 videlicet
1000 2207 1114 2264 [concii
1130 2206 1282 2285 quondum
1299 2204 1380 2279 (po-

282 2290 373 2347 liturei
394 2292 592 2367 imperatorio,
615 2294 702 2350 σιιίιια
715 2314 843 2350 sororem
860 2294 923 2368 ipse
936 2290 1100 2368 Philippus
1117 2292 1245 2347 &aaut
1257 2292 1291 2345 irs
1304 2308 1380 2345 rixo-

281 2394 357 2444 rem,
381 2396 401 2432 a
411 2376 504 2454 jbcdo
519 2378 702 2454 captivitatis
716 2378 867 2456 ergostnlo
872 2377 1046 2456 fugientem
1057 2376 1161 2435 reduci
1163 2376 1285 2455 j'aceret
1300 2374 1380 2451 Opo-

282 2459 337 2516 lim
357 2458 396 2516 ab
418 2463 546 2518 exercitu
570 2461 738 2520 Christiano
758 2463 804 2519 od
817 2463 1010 2520 obtinendum
1025 2463 1183 2539 imperium
1196 2461 1375 2518 Romanioe.

282 2543 319 2602 dt
339 2563 397 2620 qim
420 2565 489 2600 cnm
508 2546 587 2602 idem
608 2547 741 2604 marollio
769 2547 814 2604 act
836 2567 988 2605 summum
1002 2547 1177 2624 pontificem
1198 2546 1379 2609 accessisset,

283 2629 378 2705 coepit
399 2647 488 2706 agere
509 2648 529 2685 α
552 2633 680 2687 remotis.
725 2631 780 2687 sed
796 2652 865 2688 cum
880 2633 1068 2692 intellexisset
1078 2632 1173 2708 ipsius
1186 2633 1322 2688 animum
1337 2628 1383 2686 ad

282 2713 338 2771 boc
360 2731 421 2770 non
443 2732 502 2770 esse
523 2713 682 2784 directum,
704 2716 846 2792 expeditio
863 2719 989 2794 negotiis
1002 2719 1046 2775 ad
1056 2718 1154 2774 crucis
1164 2717 1295 2793 officinm
1304 2733 1379 2791 per-

284 2795 444 2856 tinentibus
466 2799 511 2856 od
524 2802 650 2877 proprio
667 2804 819 2858 remeavit.
865 2801 934 2859 vide
953 2800 991 2861 de
1007 2801 1065 2860 hoc
1079 2800 1184 2894 en‘dem
1199 2821 1231 2858 re
1246 2800 1379 2858 Annales

285 2881 472 2942 doctissimos
495 2883 612 2943 Oderlci
631 2885 780 2964 llnynnldi
795 2884 835 2944 sd
852 2889 1080 2961 ennum1208,
1102 2890 1154 2966 qui
1168 2885 1305 2965 pluribus
1317 2887 1380 2944 llo-

284 2985 407 3024 mcnum
425 2969 594 3045 pontificem
611 2989 627 3027 a
647 2971 827 3030 Graecorum
843 2972 1122 3030 calumniantem.
1164 2973 1242 3030 Anu.

368 3049 409 3108 ib·
428 3071 456 3110 v.
470 3056 521 3115 20.
564 3048 726 3134 ἐτύγχανον
745 3053 801 3139 γαρ
817 3053 928 3136 ddunt]
950 3067 1079 3136 suntque
1099 3059 1132 3113 iu
1153 3054 1232 3114 hono
1245 3055 1379 3114 maxime

284 3135 414 3194 formum
432 3134 555 3194 foedet-u
577 3143 754 3199 constitute:
776 3142 917 3200 reducum
932 3144 965 3198 in
973 3145 1110 3219 patrium
1120 3141 1264 3212 Alexini,
1283 3144 1381 3218 brepe-

283 3231 421 3300 rutorqne
439 3231 495 3277 ont
511 3220 593 3280 solus
612 3235 667 3280 aut
684 3237 868 3303 compatre,
889 3229 918 3285 si
931 3239 1077 3305 superstes
1092 3228 1285 3296 invenirem,
1307 3245 1381 3282 enn-

283 3307 419 3380 stitutuo,
446 3305 667 3365 Graecanicam
688 3310 844 3368 ecclesium
862 3321 891 3367 et
911 3311 1084 3390 relig-eonem
1106 3312 1264 3370 Romnae
1285 3310 1380 3367 eccle-

282 3391 346 3445 siae
358 3399 415 3446 ant
427 3389 572 3448 cntbcb'co
582 3395 657 3449 ritrci
665 3393 829 3453 subticeret.
869 3417 929 3474 prc
944 3397 1064 3454 ᾰααιναζν
1077 3399 1206 3474 increper,
1228 3407 1380 3474 quactum

289 3473 407 3530 Venetis
432 3495 525 3553 quom
548 3477 676 3534 blnncic
702 3479 813 3559 ubique
833 3483 1000 3539 constitutis
1021 3483 1197 3539 Hemaunet
1219 3484 1381 3559 isnpemtor

278 3559 398 3636 pridem
412 3559 569 3636 intulerat,
592 3563 717 3640 triginta
731 3565 819 3624 milio
830 3569 902 3624 ouri
913 3567 1054 3624 rrrarcboo
1070 3566 1250 3624 dissolveret.
1285 3567 1380 3644 prin-

283 3641 401 3721 cipibus
427 3665 494 3701 vero
517 3645 710 3723 expeditionis
734 3651 842 3708 novoli
861 3655 1012 3729 impensae
1034 3647 1233 3730 cattosoceret,
1261 3653 1295 3708 io
1317 3671 1380 3730 qno

284 3739 370 3786 erant
393 3729 510 3786 Venetis
529 3729 665 3810 obligati.
710 3733 846 3793 Blondus
865 3734 976 3794 Deond.
998 3741 1019 3800 2
1040 3736 1094 3793 lib.
1116 3741 1136 3800 6
1162 3750 1191 3796 et
1212 3735 1381 3794 Sabellicus

282 3812 418 3872 Eunend.
433 3817 453 3877 9
469 3815 522 3873 lib.
539 3815 576 3880 5:
599 3830 753 3876 moverunt
770 3821 884 3878 discum
904 3823 1022 3879 annuos
1031 3824 1124 3898 pueri
1138 3821 1280 3880 lacrimae
1291 3831 1320 3878 et
1336 3831 1382 3877 te-

282 3917 355 3955 nera
368 3911 460 3975 aetus,
481 3899 741 3981 cnisacilefovor
753 3905 940 3981 concitentur,
962 3906 1018 3964 sed
1032 3907 1131 3985 mgis
1144 3909 1284 3984 praemio
1302 3925 1381 3984 quoe

276 3985 541 4057 promittebantur:
564 4007 636 4044 nom
650 3999 772 4066 praeter·
790 4002 907 4048 caetero
921 4011 988 4068 spes
997 3990 1328 4069 praetendebotnrsore
1344 4000 1382 4048 nt

281 4068 310 4120 ci
326 4065 456 4126 Alexinc
479 4091 547 4128 cnm
559 4083 650 4149 patre
667 4075 826 4151 imperium
839 4087 1052 4154 recuperasset,
1077 4075 1237 4156 spolitano
1254 4075 1380 4136 ecclesia

280 4147 440 4210 Romanae
452 4155 653 4216 subnectebat.
698 4163 776 4219 Anu.

364 4253 395 4311 P·
412 4241 432 4298 7
449 4259 478 4296 v·
493 4241 524 4304 5·
566 4237 718 4320 πνεύμασι
734 4245 861 4324 φοραῖς]
884 4241 1029 4304 Chouiate
1046 4265 1078 4324 p.
1092 4247 1155 4309 717
1180 4242 1227 4307 15.
1258 4246 1338 4302 Anu.

364 4316 406 4376 ib·
424 4339 453 4380 v·
467 4325 499 4384 8.
541 4319 634 4407 pizul
645 4325 720 4394 nosti
733 4330 856 4412 χέρσον]
879 4329 948 4391 ride
962 4329 1140 4391 chociacum
1154 4328 1278 4390 ibidem.
1299 4331 1378 4392 Ate.
