3100 4850
286 309 360 381 208
682 308 728 377 IN
752 308 980 378 GEORGIUM

451 471 539 555 φήμη
555 468 585 537 d’
601 471 683 549 οὔτις
696 472 824 555 stipent
841 468 1022 547 desilierat,
1042 466 1166 549 ἥντινα
1177 468 1284 534 πολλοὶ
1372 463 1376 476 ’

449 560 517 623 inci
529 563 701 639 φημΙξουσι.
743 558 816 633 θοός
829 556 869 621 νύ
884 583 929 633 τις
941 558 1002 621 lori
1015 557 1068 621 soti
1085 556 1172 640 αὑτῇ.

286 640 326 703 od
346 644 428 701 citius
451 646 627 725 exemplum
643 648 768 705 Fosuam
783 649 874 705 etiam
888 644 977 703 deam
990 646 1107 702 vocavit
1120 642 1264 721 virgilius
1279 638 1378 703 lne-

287 728 410 787 naidos:

447 813 523 873 Isaeo
534 816 652 893 parebo
666 814 724 873 dea
730 811 829 893 foedo
840 815 939 873 vium
952 811 1099 893 diffundit
1111 813 1145 869 irs
1156 830 1221 869 ora.
1254 811 1378 869 Dones.

370 918 402 977 p·
422 900 442 961 6
463 919 493 957 v.
514 905 542 962 1.
592 894 722 976 ’.ttrttov
743 902 800 961 τοῦ
818 898 1002 980 Κομνηνοῦ]
1033 917 1081 955 res
1105 906 1203 974 gestes
1222 896 1325 953 Alexii
1347 905 1380 953 et

286 986 392 1042 isaacii
406 985 591 1062 Angelorum
603 986 743 1059 fratrum,
765 994 796 1043 et
812 982 962 1065 quomodo
980 985 1126 1041 isaacium
1140 982 1266 1039 Alexins
1279 983 1379 1059 impe-

288 1071 331 1127 rio
352 1068 462 1147 pulerit
482 1072 761 1152 obcaecaveritque,
782 1070 848 1129 fuse
860 1070 1050 1151 prosequitur
1067 1065 1257 1127 choniatatn
1268 1066 1379 1126 Alexio

288 1164 318 1213 ct
332 1156 461 1230 leuacio,
482 1148 572 1237 quem
585 1153 666 1215 vide.
707 1160 786 1214 Ant..

374 1238 415 1298 ib·
432 1260 461 1299 v·
475 1245 506 1303 2.
548 1236 694 1325 Ἀγγὲλων
708 1239 760 1303 sni
780 1232 898 1320 οἷμφοῖν
917 1231 1167 1318 ὀνομαζομένων]
1194 1234 1266 1294 hinc
1280 1229 1381 1317 ’Appe-

288 1318 422 1402 ioinopot
438 1326 629 1407 xaoiyvqrot,
658 1319 786 1404 ddelpoi
807 1334 1015 1402 nuncupantur
1034 1342 1054 1381 a
1076 1321 1221 1381 choniata
1237 1322 1291 1379 lib.
1306 1325 1327 1384 3
1345 1321 1381 1379 in

287 1410 397 1468 Alexio
412 1411 582 1486 Comneu03
606 1421 635 1469 et
648 1412 719 1469 ulihi
729 1414 849 1489 saepius
859 1404 1086 1490 'Ayytlovvpio-
1127 1410 1205 1466 Ant..

373 1493 415 1553 ib.
446 1514 477 1553 v·
506 1499 538 1558 3.
589 1493 759 1575 Ῥωμαίων]
797 1496 1004 1553 Romanunm
1034 1493 1233 1572 appellatione
1260 1488 1379 1567 accipit,

289 1576 544 1658 quemadmodum
575 1590 604 1637 et
629 1582 718 1639 multi
742 1582 795 1639 alii
819 1583 883 1638 eius
909 1582 975 1637 aevi
997 1581 1172 1656 scriptores,
1207 1576 1379 1655 cpolitanos

289 1666 428 1723 Graecos.
472 1674 502 1723 et
524 1666 678 1723 Romame
698 1684 754 1744 pro
777 1668 904 1744 imperio
925 1665 1068 1724 Orientali
1085 1664 1118 1720 iu
1136 1682 1194 1721 usu
1216 1670 1277 1734 est,
1307 1660 1379 1739 quia

288 1751 408 1827 imperii
427 1759 515 1828 caput
535 1751 636 1829 Cpolis
655 1751 748 1809 Novo
770 1751 873 1809 Romo
895 1750 1044 1829 appellata
1061 1757 1117 1806 est.
1158 1750 1255 1807 Roma
1273 1747 1379 1824 ntique

290 1833 405 1912 duplex
421 1838 560 1893 statuitur
577 1839 609 1893 iu
626 1836 884 1894 constitutionibus
898 1834 1117 1915 imperialibus,
1139 1852 1201 1890 una
1217 1840 1302 1891 retus
1314 1832 1379 1888 lta-

288 1920 362 1993 lica,
385 1921 477 1979 ultera
489 1940 583 1995 nova,
606 1920 639 1979 id
654 1932 699 1979 est
710 1921 828 2000 Cpclis,
849 1938 941 1999 quum
954 1922 1062 1977 veteris
1075 1928 1105 1977 et
1116 1920 1254 1998 anfiquae
1265 1918 1379 1973 llomao

288 2008 495 2085 praerogativa
512 2006 617 2065 laetari
638 2008 732 2085 impp.
754 2006 926 2077 voluerunt,
950 2006 1004 2063 lib.
1026 2008 1046 2068 6
1069 2004 1104 2060 0.
1147 2002 1185 2060 de
1202 2010 1379 2061 sacrosanct.

287 2092 403 2151 Eccles.
422 2091 444 2149 l.
466 2089 508 2154 40
526 2092 560 2150 C.
604 2089 641 2149 de
661 2094 801 2170 Episcop.
820 2100 850 2148 et
865 2091 943 2148 Ciar.
963 2091 986 2148 l.
999 2086 1030 2151 4.
1074 2086 1111 2145 de
1131 2088 1244 2166 operib.
1264 2086 1379 2164 public.

287 2176 310 2233 l.
333 2176 388 2237 ult.
410 2177 444 2235 0.
493 2178 525 2233 in
551 2177 634 2256 quib.
658 2196 738 2235 cans.
759 2179 844 2254 pign.
868 2174 891 2233 i.
910 2176 966 2234 ult.
987 2175 1021 2232 0.
1071 2170 1110 2231 de
1134 2173 1317 2251 temporibus
1346 2172 1380 2227 iu

287 2261 381 2339 integ.
403 2264 534 2319 Zonaras
557 2262 668 2342 aliique
691 2261 800 2319 infiniti
819 2270 953 2319 suctores
971 2278 1040 2317 cum
1054 2256 1127 2320 νέαν
1137 2254 1251 2339 Ῥόμην
1266 2254 1379 2330 dicunt,

287 2345 405 2425 cpolim
422 2346 603 2426 intelligunt.
647 2344 728 2428 quod
741 2357 848 2404 notum
861 2357 916 2403 est.
959 2346 1081 2403 Dones.

370 2430 412 2488 ib.
428 2451 458 2490 v.
472 2434 503 2496 1.
546 2431 688 2511 κατέβαλε
703 2428 776 2510 μὲν]
799 2431 907 2490 accidit
919 2430 953 2489 id
964 2450 1042 2489 auno
1057 2427 1171 2487 domiui
1186 2425 1276 2491 1195·
1316 2427 1380 2483 im·

285 2533 406 2594 perasse
421 2525 522 2574 sutem
535 2519 682 2574 isaacium
695 2519 813 2576 Nicetes
826 2519 869 2574 ait
881 2535 974 2574 anuos
989 2520 1009 2579 9
1023 2533 1142 2574 menses
1154 2517 1184 2577 7.
1205 2521 1274 2591 post
1288 2529 1379 2592 quem

286 2602 416 2660 Orientis
438 2601 479 2664 58
508 2603 670 2679 imperator
695 2603 793 2660 factus
821 2601 930 2660 Caesar
952 2601 1079 2660 Alexius
1100 2603 1121 2662 3
1145 2599 1279 2675 Angelus
1305 2599 1379 2654 Pius

285 2686 374 2744 Felix
389 2687 559 2763 Arignotus,
580 2688 632 2766 qui
644 2687 804 2764 Mperarit
817 2705 911 2744 annos
924 2689 944 2750 8
960 2705 1078 2744 menses
1094 2688 1115 2747 3
1130 2681 1193 2740 dies
1206 2687 1254 2746 10.
1296 2683 1380 2738 venit

287 2773 320 2830 in
334 2773 453 2830 Italiam
466 2772 592 2830 Alexim
615 2772 711 2852 (puer
726 2771 804 2830 forte
819 2769 978 2832 duodecim
997 2767 1161 2846 annonam)
1182 2769 1257 2846 imp.
1272 2766 1378 2825 lsaacii

287 2859 414 2935 Angeli,
437 2859 517 2916 cueci
533 2867 563 2915 et
575 2859 684 2937 captivi
697 2875 732 2914 ac
746 2858 872 2936 imperio
887 2854 995 2914 deiecti
1009 2857 1105 2928 filins,
1128 2853 1235 2910 auxilii
1254 2871 1272 2908 a
1291 2853 1379 2908 Lati-

286 2945 335 3000 uis
356 2945 419 3000 sive
441 2941 679 3002 occidentalibus
701 2953 802 3000 contra
820 2941 1009 3021 tyrannidem
1026 2941 1127 2998 Alexii
1139 2939 1237 3018 patrui
1255 2933 1380 3015 petendi

289 3045 396 3099 causa,
419 3045 497 3084 auno
515 3028 607 3091 1201.
650 3032 802 3089 Romanae
820 3025 900 3087 sedis
915 3038 981 3084 mm
995 3026 1134 3104 pontifex
1148 3033 1211 3081 eret
1226 3039 1379 3080 summus·

287 3129 347 3190 que
362 3114 485 3170 atatistes
503 3115 692 3172 Innocentius
708 3117 760 3172 ΠΙ.
805 3111 843 3172 de
858 3121 920 3171 tota
933 3110 991 3169 hac
1005 3131 1037 3168 re
1050 3113 1129 3168 inter
1143 3109 1217 3167 ulios
1230 3104 1378 3166 ridendus

285 3199 404 3254 Nicetes
427 3207 457 3255 et
474 3199 646 3257 Vincentius
666 3199 888 3257 Bellovacensis
910 3215 990 3276 spec
1005 3193 1109 3254 histor.
1124 3194 1176 3251 lib.
1189 3197 1232 3254 80
1243 3211 1308 3271 esp·
1324 3191 1378 3254 64.

287 3300 347 3361 quo
367 3284 399 3339 in
420 3282 487 3340 loco
507 3283 680 3343 Vincentius
698 3293 815 3361 patrem
831 3284 916 3362 pueri
941 3283 1086 3343 comem
1099 3277 1268 3358 prodigiose
1281 3285 1378 3350 vocat,

286 3369 419 3446 itemque
433 3385 498 3446 cap.
515 3369 556 3430 90
572 3377 602 3426 et
615 3371 654 3432 91
677 3367 842 3438 Thurcath,
862 3379 892 3426 et
906 3387 970 3445 cap.
987 3367 1044 3428 101
1068 3366 1212 3422 Thuscae.
1245 3363 1380 3441 peccavit

285 3469 395 3530 nempe
413 3453 479 3530 ipse
500 3460 552 3509 out
569 3453 684 3512 librarii
706 3456 770 3512 eius
786 3464 908 3533 propter
918 3453 1100 3530 imperitiam
1112 3451 1233 3527 liuguae
1247 3449 1379 3506 Graecae

283 3536 427 3614 vulgaris.
469 3536 660 3596 scribendum
675 3540 744 3597 Kur
758 3540 842 3610 leae,
864 3530 1047 3615 Kric'Iooois.
1077 3534 1160 3593 idem
1173 3530 1317 3591 mendum
1333 3539 1379 3589 est

284 3621 366 3701 opud
393 3630 526 3680 veterem
556 3620 817 3703 chronographum
849 3625 981 3702 regium,
1015 3623 1192 3698 magistrum
1212 3614 1380 3696 Rigordum

283 3705 433 3781 Gothum,
456 3704 493 3764 de
517 3708 615 3768 Gestis
637 3707 772 3788 Philippi
793 3710 923 3788 Augusti
942 3708 1122 3765 Francorum
1142 3705 1237 3782 regis,
1262 3699 1302 3759 ad
1322 3721 1381 3758 an·

283 3811 359 3850 num
382 3795 478 3866 1201,
503 3791 556 3850 ubi
576 3793 686 3871 legitur
707 3795 865 3853 chuzeroc.
911 3796 984 3874 quin
1000 3794 1094 3849 immo
1108 3794 1141 3848 in
1156 3790 1229 3868 ipsis
1243 3787 1380 3866 epistolis

282 3877 425 3936 Bnlduini
447 3879 522 3957 imp.
553 3889 584 3936 et
612 3881 650 3937 H.
673 3882 790 3938 comitis
813 3880 916 3939 Sancti
935 3877 1037 3952 Pauli,
1072 3873 1154 3955 apud
1180 3869 1381 3932 Godefridum

283 3962 389 4021 Goion.
407 3963 440 4020 S.
461 3963 651 4022 Pantuecnis
671 3963 872 4037 monachum,
895 3961 1181 4035 adanunm1201,
1201 3958 1255 4016 uhi
1274 3958 1381 4016 inca-

159 4049 163 4060 '
286 4045 374 4104 cirum
388 4049 532 4125 scriptum
545 4059 599 4108 eet.
642 4069 704 4108 non
718 4054 818 4108 suiuus
830 4051 967 4128 imperite
978 4046 1064 4128 ¹apud
1079 4046 1263 4104 Antoninum
1277 4039 1380 4098 archi-

286 4133 417 4211 episcop.
432 4133 562 4193 Florent.
575 4136 685 4212 legitur
700 4136 813 4193 volum.
831 4139 851 4198 3
873 4137 920 4191 tit.
936 4136 974 4196 19
988 4152 1052 4211 csp.
1068 4135 1089 4195 2
1104 4127 1122 4211 ᾗ
1138 4137 1153 4194 1
1175 4129 1310 4188 Quen
1324 4145 1381 4204 pro

284 4213 499 4298 srio”Ayysloe.
530 4229 665 4278 trrmcolu
679 4217 888 4278 huiuscemodi
901 4219 1045 4278 vocabula
1059 4217 1155 4275 multa
1167 4213 1380 4295 posterioribus

286 4298 407 4360 Graecis
422 4305 541 4362 usitata.
582 4301 685 4384 edessio
699 4323 753 4384 pro
767 4299 863 4388 κόρος
876 4313 927 4364 aut
938 4297 1043 4387 κύριος
1048 4346 1059 4380 ,
1078 4302 1231 4372 domnam,
1250 4298 1382 4381 propriis
