3100 4850
262 308 336 382 234
659 308 705 377 IN
730 308 959 377 GEORGIUM

423 470 673 548 inclamantia
683 467 803 537 Ἰταλοῖν
815 478 932 561 στρατηῖ
946 469 1049 557 λύδρα

421 563 531 623 τούτον
545 564 709 642 τροττούτατ
722 560 774 623 καλ
788 564 860 645 assai
872 558 948 623 κατδ
965 558 1084 643 κρύτος.

425 646 533 727 ζωγρεῖ
542 666 574 709 τε
588 644 640 707 ταλ
653 641 895 727 subvertimur
907 648 1102 720 Βαλδονδννν,

425 734 566 833 αομοῖντα
579 733 702 805 πολλοῖς
717 725 834 813 ύρετοῑν
846 734 980 806 νεανέαν,

426 820 553 896 μαλιστα
565 818 673 879 ττασούν
690 810 877 900 σωφροσύνη
894 816 945 879 sul
960 819 1042 903 δέτη,

426 898 469 975 air
486 896 573 979 φδύς
589 895 808 984 προϊστύρησεν
820 896 928 966 ύνόνττν
939 900 1041 983 λύγος·

425 980 518 1067 ’ύνττερ
534 988 696 1068 καθείρξας
709 984 829 1067 μακρὰν
842 987 877 1051 λν
888 992 931 1072 τῷ
951 984 1100 1072 Τρτνύβφ,

426 1066 541 1151 δρύσας
553 1096 585 1133 τε
598 1068 684 1135 δττντέ
696 1074 790 1153 μωρία
800 1068 1005 1154 αααοτρόττως,

426 1154 520 1237 πέρας
538 1155 749 1238 εταθνπέβαλεν
765 1158 877 1243 aluenni
889 1153 1016 1240 δανύτφ

425 1236 494 1304 κατ’
505 1237 657 1323 η’λιβύτων
670 1246 912 1325 τατακρημνέσας
927 1238 1041 1307 τύπων.

265 1326 519 1410 quemadmodum
542 1330 644 1409 itaqua
662 1348 773 1389 nornen
792 1326 924 1389 nanduli
947 1328 1029 1409 apud
1044 1329 1173 1397 Graeaas
1187 1328 1360 1407 inauspica-

264 1426 331 1475 tutn
345 1424 435 1494 atque
450 1413 562 1471 infame
577 1411 789 1489 habiturust,
810 1417 853 1473 ita
865 1413 1023 1489 balduini,
1044 1416 1182 1495 quamvis
1194 1411 1360 1472 eonmdesn

266 1498 370 1573 hostis,
392 1500 570 1577 gloriosum
594 1500 678 1559 ouius
694 1501 785 1558 etiam
798 1503 877 1558 vires
891 1510 982 1581 atque
993 1502 1153 1579 imperinm
1165 1499 1204 1557 ob
1217 1500 1362 1557 amissam

265 1587 434 1643 libertatem
445 1581 578 1657 oderant,
594 1602 693 1643 mores
706 1595 797 1665 atque
807 1587 962 1663 ingenium
974 1586 1233 1645 exosculabantur.
1263 1586 1360 1642 Grae-

265 1690 369 1728 aortnn
381 1669 418 1729 de
433 1688 468 1726 eo
483 1671 642 1747 praeconia
655 1666 746 1749 digna
759 1688 836 1751 quae
849 1669 944 1749 lapidi
955 1672 1116 1751 sepulcrali
1127 1669 1296 1729 incidantur
1307 1666 1360 1727 hia

264 1757 421 1819 ascribam.
466 1751 609 1813 choniata
626 1774 657 1833 p·
670 1758 733 1820 790
757 1754 807 1818 tl.
850 1766 881 1815 et
894 1754 1092 1835 Ephraemius
1105 1758 1139 1814 in
1152 1755 1314 1816 chronico:

426 1836 459 1899 ἔτ
475 1860 506 1901 τε
522 1842 719 1922 Φραγηέσκων
733 1840 899 1903 Βενετλτων
912 1838 1118 1925 Λωμττύρδων

426 1922 606 2004 έττιλεγέντες
621 1918 750 2006 εύγενεῒς
762 1920 946 2007 ψηφηφύροι

427 2008 471 2083 τλς
487 2006 602 2071 ἄναντα
616 2014 732 2091 χρίουσι
744 2016 800 2086 τῆς
816 2010 1047 2075 levamina

427 2094 615 2159 Βαλδουΐνον
626 2089 744 2177 νόμητα
757 2092 856 2177 ηούρας
866 2100 922 2177 τῆς
935 2094 1101 2179 Φλύντρας,

425 2181 552 2242 νεανίαν
565 2173 737 2255 κάλλιστον,
759 2178 872 2261 ω’ραῖον
887 2178 989 2259 φύσει,

426 2268 594 2346 φτλενσεβῆ
608 2288 639 2329 τε
655 2265 707 2329 aral
721 2263 915 2348 φιλόχριστον
927 2268 1006 2336 λίαν,

319 2406 321 2419 ,
426 2346 545 2434 πρᾶύν,
567 2345 686 2434 ἱλαρόν,
708 2352 954 2434 σωφρονέστατον
967 2347 1056 2434 μύλα,

427 2437 535 2517 μερίδα
546 2436 597 2499 καλ
613 2437 746 2518 μέλλοντι
762 2435 882 2501 δτδύντα
894 2439 962 2520 βλφ,

427 2523 549 2583 πολλῶν
562 2529 686 2602 ταμεῖον
696 2516 812 2602 ύρετοδν
824 2520 991 2597 θεοδότων,

428 2598 548 2710 μάλιστ’
564 2603 693 2687 δραστὴν
708 2606 912 2688 σωφροσύνης
924 2608 976 2669 καλ
989 2605 1085 2686 δίνης·

428 2711 464 2763 ος
482 2683 541 2770 εἶχε
554 2690 603 2764 tle
616 2685 735 2772 νήρντα
746 2695 801 2770 τῆς
814 2687 984 2771 έβδομύδος

428 2768 520 2856 τορδν
534 2776 654 2854 βοῶντα
669 2769 710 2855 μή
727 2775 892 2839 καθεύδων
906 2777 1021 2856 μηδένα

428 2863 490 2924 τῶν
503 2861 661 2942 βασιλείων
674 2859 804 2925 ένδοθτν
819 2853 895 2924 καθ’
910 2859 1049 2942 ἑσπέραν,

428 2943 529 3116 illi}
540 2945 1077 3116 ύμύλλοῗτῗὲλμῗλέέλλζζλω.

428 3105 471 3193 ἦν
483 3113 535 3176 sal
551 3110 651 3192 φύλαξ
665 3111 767 3197 νύμων
778 3140 810 3180 τε
826 3119 913 3197 δέντης
924 3111 953 3179 τ’
967 3111 1105 3195 δννύμον,

428 3198 550 3281 μνναντλ
565 3208 706 3282 προσχεῖν
718 3197 757 3264 ού
772 3198 908 3283 θελήσας
919 3195 991 3266 ούδ’
1003 3196 1092 3274 ὅλως,

427 3279 502 3390 μηδ’
516 3279 555 3346 δν
566 3285 649 3367 μέχρι
661 3283 828 3367 βλέμματος
839 3287 967 3368 έμταθῆ
979 3283 1069 3361 θέαν,

428 3387 503 3432 οσον
517 3391 574 3451 περ
587 3365 671 3451 α’ντῆν
686 3376 742 3452 τῆς
755 3368 905 3436 σννεύνον
921 3368 975 3435 τδν
987 3365 1109 3453 χρόνον.
1149 3367 1229 3427 aar.

349 3471 381 3532 p·
394 3452 436 3518 24
447 3474 478 3513 v.
493 3452 543 3518 15.
585 3466 658 3515 uota
670 3457 768 3517 fatum
781 3456 923 3517 Baldaini
934 3459 1009 3536 imp.
1027 3475 1046 3514 a
1058 3449 1179 3534 seythia
1194 3457 1298 3530 aspin!
1311 3447 1360 3507 Υἱ-

264 3555 380 3620 rnsque
401 3540 434 3596 in
452 3536 586 3598 hostiurn
602 3551 782 3620 potestatem
794 3545 891 3620 venit,
913 3562 949 3601 οο
963 3545 1061 3624 primo
1074 3537 1202 3599 Iohanni
1212 3535 1361 3614 uulgaru-

265 3643 332 3683 rum
350 3625 431 3701 regi,
452 3643 527 3682 mox
547 3629 658 3684 caraea-i
679 3626 821 3705 traditus,
843 3625 962 3688 modico
973 3639 1107 3706 tempore
1118 3633 1186 3705 post
1197 3619 1360 3680 miserabili

265 3711 350 3768 exitu
364 3710 467 3788 periit,
490 3711 566 3768 droa
578 3729 691 3770 annum
707 3713 800 3784 1205.
841 3713 960 3793 luitque
973 3713 1061 3792 cpoli
1071 3714 1276 3787 interregnum
1288 3705 1361 3762 anni

263 3797 353 3854 unius
376 3805 407 3853 et
428 3796 579 3854 mensium
592 3807 748 3876 quattuor,
766 3809 863 3858 morte
876 3799 1065 3878 imperatoris
1078 3815 1141 3856 non
1154 3797 1238 3873 prins
1251 3791 1362 3868 explo-

264 3889 344 3954 rata,
366 3898 443 3961 qnae
466 3884 508 3940 ita
530 3884 654 3960 contigit
676 3892 753 3941 teste
774 3887 891 3948 Niaeta.
934 3893 1038 3962 raptus
1058 3880 1112 3940 ‹iiu
1129 3878 1264 3939 Temobi
1284 3876 1361 3932 fuit:

265 3983 335 4022 aum
360 3975 461 4024 autem
478 3969 617 4046 Aspietes
636 3964 676 4025 ad
696 3969 820 4028 Latinos
839 3968 1014 4044 defecisset,
1040 3965 1189 4026 lohannes
1209 3980 1267 4022 rex
1289 3979 1362 4038 pro-

265 4057 368 4126 pterea
379 4048 643 4113 vehementissima
658 4055 854 4114 exacerbatus
871 4066 1069 4136 aestuansque
1081 4055 1143 4126 ira,
1164 4059 1195 4108 et
1210 4047 1313 4107 dolore
1326 4046 1361 4102 in

265 4131 331 4191 dies
348 4135 572 4214 ingravesaente
589 4141 714 4219 peusin
726 4140 841 4198 rabiem
854 4151 954 4216 aetus,
974 4136 1124 4199 Beldnina
1139 4132 1248 4194 edunto
1263 4152 1280 4191 a
1294 4149 1363 4188 aar·

266 4235 332 4274 aare
351 4218 444 4296 pedes
464 4223 523 4302 ipsi
542 4241 710 4306 manusque
723 4227 888 4306 amputari,
911 4222 1020 4284 deinde
1030 4234 1171 4283 mmm
1186 4221 1220 4278 in
1234 4216 1363 4298 profun-

265 4299 338 4360 ‹lam
357 4304 469 4365 vallem
489 4310 679 4390 praecipitari
696 4311 798 4391 iubet,
817 4311 872 4372 nbi
883 4313 972 4372 tertio
987 4308 1111 4370 demun
1124 4303 1174 4366 (lie
1189 4323 1259 4364 esna
1273 4301 1362 4362 volu·

341 3175 345 3210 l
