3100 4850
161 1212 761 1324 THEODORI
828 1211 1271 1327 DOUSAE

441 1439 983 1579 PRAEFATIQ

604 1785 815 1798 Ἣ

158 1973 274 2110 Quod
293 2022 331 2084 de
346 2023 452 2084 Africa
470 2024 560 2102 clim,
587 2025 714 2084 mallem
731 2023 824 2086 hodie
844 2024 883 2086 de
899 2026 1026 2086 Graecia
1041 2025 1205 2106 diceretur,
1234 2035 1271 2088 ut

159 2167 197 2206 ea
219 2146 334 2206 scilicet
355 2144 445 2204 nobis
465 2141 584 2226 aliquid
599 2146 673 2203 nori
694 2143 823 2204 subinde
841 2143 1049 2226 suppeditaret
1075 2155 1268 2227 pareretque.

157 2263 245 2350 quod
265 2261 391 2348 quidem
409 2273 441 2322 te
460 2264 548 2322 iuxta
566 2282 689 2322 mecum
706 2275 829 2346 optare,
852 2267 906 2346 qui
919 2276 989 2328 tuus
1005 2276 1051 2325 est
1067 2285 1139 2345 erga
1149 2267 1268 2326 ,litteras

159 2405 262 2463 amor,
287 2383 383 2444 lector
398 2379 543 2460 candide,
564 2393 646 2443 cerro
661 2385 782 2445 certius.
824 2403 931 2444 ecoruu
952 2386 1045 2465 igitur
1065 2385 1122 2445 ribi
1137 2385 1194 2445 sub
1208 2381 1268 2444 hcc

159 2509 261 2567 omine
281 2514 415 2584 votoque
437 2500 616 2563 historicum
638 2501 759 2563 mediae
780 2505 887 2565 aeratis
909 2507 1073 2582 Graecum,
1108 2522 1268 2586 nunquam

158 2636 229 2685 ante
247 2622 306 2683 hac
323 2619 456 2700 editum,
486 2641 528 2680 ex
541 2641 611 2681 mea
621 2622 808 2683 bibliotheca
820 2626 1008 2706 postliminio
1021 2622 1173 2685 eduorum.
1217 2644 1268 2683 re·
1335 2621 1340 2633 “

157 2754 278 2827 porrum
299 2742 375 2803 olim
389 2742 424 2801 in
444 2740 551 2800 Galata
573 2741 670 2824 (Pera
684 2741 797 2825 vulgo)
821 2742 1072 2826 redemptumque
1097 2762 1116 2803 a
1134 2744 1266 2821 ‚Georgio

158 2854 385 2953 (lamecensem,
403 2879 445 2918 ex
460 2862 545 2920 cuiue
558 2860 637 2921 libro
650 2859 859 2954 apographum
876 2866 1089 2944 transcriptum
1099 2862 1159 2921 fuit
1171 2882 1266 2921 manu

157 2979 328 3045 Theodosii
341 2978 526 3060 Zygomalae
538 2979 662 3059 Nauplii
674 2999 717 3039 ex
731 2982 886 3061 petitione¹
895 2980 1013 3042 domini
1026 2982 1149 3061 Georgii
1163 2981 1264 3047 fratris

158 3104 222 3163 mei
241 3105 278 3162 P.
294 3103 355 3176 ll,
391 3099 446 3181 qui
466 3108 620 3157 auctorem
642 3100 731 3158 illum
751 3102 832 3161 inter
854 3103 930 3162 alios
950 3103 1038 3184 cpoli
1061 3100 1264 3182 superioribus

159 3224 247 3283 annis
259 3219 369 3279 attulit.
398 3214 450 3277 hic
465 3238 536 3277 oum
547 3237 568 3277 a
580 3238 631 3277 me
644 3221 781 3279 exercitii
799 3222 894 3299 gratia
908 3241 964 3301 pro
977 3222 1054 3280 meis
1072 3219 1185 3279 viribus
1201 3222 1264 3279 La·

158 3333 223 3402 tihe
238 3324 402 3400 translalus
421 3346 518 3415 esset,
547 3338 604 3397 vix
616 3349 720 3397 tamen
733 3337 893 3443 videhatur
906 3335 1034 3398 idoneus
1046 3340 1099 3420 qni
1113 3358 1169 3419 per
1179 3340 1264 3399 viro-

158 3480 228 3521 rum
245 3479 299 3519 ora
319 3457 491 3538 oculosque
501 3456 651 3519 volitaret.
693 3460 792 3519 versio
806 3454 889 3517 rudis
905 3467 969 3515 erat
981 3467 1013 3515 et
1027 3456 1165 3517 nondum
1176 3478 1265 3518 reco-

36 3628 39 3631 ,
158 3582 260 3660 gnita3
284 3576 443 3657 exemplar
454 3573 536 3657 (quo
550 3577 641 3636 unico
651 3578 700 3637 usi
714 3574 838 3659 sumus)
851 3578 893 3636 ila
912 3584 1096 3656 corruptum,
1121 3587 1165 3637 tot
1179 3578 1266 3638 lacu-

159 3700 208 3757 nis
228 3707 259 3756 et
277 3696 405 3756 maculis
424 3698 597 3777 oppletum,
626 3705 691 3756 tam
724 3695 856 3781 denique
885 3696 922 3755 ab
952 3698 1036 3755 omni
1064 3706 1149 3777 parte
1178 3696 1267 3775 culpa

158 3818 352 3875 amanuensis
372 3816 441 3899 (qui
460 3827 492 3875 et
504 3804 571 3896 ipah
592 3827 730 3897 corrupto
747 3816 919 3897 exemplari
931 3836 1004 3877 usus
1016 3812 1094 3895 erat)
1113 3814 1266 3890 vitiosum,

157 3944 194 3994 ut
213 3932 293 3993 nihil
311 3936 412 3994 minus
432 3954 525 4017 quarn
543 3931 671 3995 historia
692 3936 797 4018 aliqua
817 3934 890 3995 inde
909 3937 979 3995 elici
998 3952 1085 4015 posse
1102 3930 1265 3991 videretur.

155 4072 220 4113 ncn
235 4057 383 4131 mentior,
413 4053 526 4114 lector:
554 4052 594 4112 ud
613 4056 734 4135 singula
753 4052 975 4136 propemodum
987 4051 1080 4114 verba
1096 4050 1266 4110 subsisten-

155 4170 232 4232 dum
256 4172 334 4233 mihi
361 4173 420 4233 fuit
446 4183 477 4233 et
501 4172 709 4233 divinandum.
753 4170 830 4256 quid
851 4174 971 4257 quaeris
996 4165 1151 4248 amplius?
1184 4168 1264 4248 fregi

155 4293 303 4373 glaciem,
334 4290 436 4377 quoad
450 4293 555 4376 potui,
583 4305 737 4355 auctorem
758 4294 894 4355 lacerum
910 4290 1112 4375 mutilumque
1132 4290 1263 4370 seposui,
