3100 4850
480 332 782 399 ACROPOLITllll
803 333 955 403 NOTAE
1188 332 1264 403 207

176 494 276 560 ἓστλιιν
295 494 347 560 καλ
365 500 472 560 θιλκον
491 490 649 603 τυγχάνειν
669 498 823 603 βασλλειον
841 497 893 561 καλ
913 498 1004 576 νλκην
1019 490 1178 563 ιλνελλσλλαι
1190 494 1266 560 κατιλ

176 586 299 685 πασοῑν,
325 581 376 645 καλ
391 606 444 645 τον
432 576 513 643 ιλια
527 578 628 660 πιλσης
646 586 742 689 sp'osn
739 576 905 646 ἔνδον
867 606 953 662 τηςτ
957 577 1065 657 λκτος
1079 578 1201 665 αρλστης
1212 582 1267 647 καλ

177 658 301 731 ἆλλκτοιι
321 686 507 745 κατασκευης
527 688 559 728 τε
573 666 624 728 καλ
642 670 704 729 τῶν
721 663 819 730 dilue
832 661 1097 746 πλεονεκτημάτων
1111 668 1266 745 λκνικῆσαι

175 756 334 831 καλλίστην
355 749 449 814 uul‘
427 747 695 857 ηγεμωνικιοτιλτην
713 747 792 814 ελναι
808 777 869 814 τιον
879 748 1032 814 πολεων
1010 773 1147 816 απασιον.
1188 749 1222 817 16
1233 774 1267 834 γε

175 834 238 919 μην
252 832 353 899 πένθ’
366 835 532 940 duspoipou
541 828 682 938 ιλπιλροις
696 833 802 917 μήκεσι
816 830 983 942 πρόσχημα,
1004 836 1055 898 καλ
1069 836 1093 917 ἠ
1103 862 1192 940 κοινη
1204 844 1267 901 τῶν

176 924 221 997 εἰς
244 917 443 1025 Χριστιανολς
464 915 631 984 τελούντων
651 926 821 1002 φιλοτιμία,
848 916 1022 999 ὀφθαλμοῖς
1043 944 1074 983 τι
1096 917 1190 1001 κόρον
1207 917 1266 986 οιλκ

176 1006 244 1109 ἔχον
264 1010 386 1086 θαῦμα,
408 1000 468 1068 ολστ
473 999 580 1068 ἰλναι
596 1029 660 1081 τοις
673 1006 764 1087 ὅριῖσι
779 1002 887 1074 καλ’
847 1030 956 1113 μονον
956 1008 1088 1086 μελζοσιν
1103 1002 1245 1081 tribule
1209 1032 1268 1089 την

174 1087 299 1198 μνολμην
311 1090 453 1154 tusses
468 1091 641 1197 γλγνισθαι,
661 1090 681 1156 6
692 1088 769 1166 νεολς
782 1083 956 1170 ἕστηκεν*
919 1113 1009 1163 οντος
1010 1110 1154 1199 μισσηγο
1147 1088 1266 1199 “γαλης,

175 1200 302 1280 ποιητης
323 1170 362 1238 ste
386 1171 468 1250 ελπι,
488 1175 541 1238 καλ
564 1170 700 1284 ον’ρανοιῑ
715 1171 921 1257 ι’στερόεντος,
942 1172 1018 1238 κατιλ
1032 1199 1089 1257 την
1100 1174 1268 1256 Ὁμηρικην

175 1260 225 1325 λπλ
243 1264 299 1344 γῆς
317 1258 372 1338 μὲν
388 1220 555 1367 βαλνλινσαν
568 1262 612 1335 ελς
626 1258 657 1324 ιλ
670 1261 780 1366 αλθλρα
794 1258 978 1340 φθιλνοοσαν
994 1260 1067 1343 ἔριν.
1099 1258 1208 1336 Ἀτλας
1220 1262 1267 1337 τλς

175 1343 264 1420 ἄλλος
287 1340 437 1453 ἓρλος,’
399 1370 456 1409 cus
476 1342 615 1451 ον’ρανον
624 1342 700 1409 κατιλ
721 1344 771 1411 τιλν
792 1342 978 1423 λσιιλριον
946 1371 981 1411 το
996 1348 1111 1410 dosoris
1127 1353 1265 1424 ποιηταῖς

175 1435 278 1504 κλονος
306 1411 421 1510 ιλνλχιον
446 1426 571 1540 τρόπον,
594 1426 669 1495 ιῖλλιλ
691 1428 823 1511 την,ιλπ’
844 1427 977 1536 ον’ρανιλν
997 1427 1193 1509 κρντανετλων
1214 1428 1265 1493 tut

174 1520 229 1596 τῆς
243 1511 475 1595 λνοικοιλσης’
435 1522 517 1579 eusci
530 1514 650 1599 χάριτος
662 1542 713 1580 και
702 1511 947 1598 λυνολμειις,”
922 1541 963 1591 ας
976 1511 1092 1581 ποθ’*
1072 1542 1090 1581 ο
1103 1541 1179 1580 κατα
1171 1511 1266 1579 Πιι

173 1603 329 1681 λαιστλνην
351 1598 386 1666 τιλ
404 1580 557 1667 ’λονλαλοιν
574 1607 674 1678 φῦλον
695 1603 767 1708 πρὶν
784 1602 865 1677 sl3‘
815 1608 924 1683 ημᾶς
937 1599 995 1681 τήν
1011 1598 1120 1665 lusi'
1084 1626 1190 1705 χαριν
1190 1598 1266 1665 κατιλ

174 1690 353 1760 θεοκτονλας
372 1694 548 1790 μεταπεσεῖν
568 1684 736 1750 ἔκτισιν.
728 1686 762 1749 du
776 1648 928 1751 πολλολ
895 1710 950 1789 μεν
963 1684 1104 1766 ι’λμνησον
1120 1681 1266 1767 ἱδρύσεως

174 1771 225 1837 καλ
239 1772 387 1873 μεμλθονς
399 1772 450 1833 καλ
465 1766 628 1844 καλλονς’
607 1765 759 1853 οραρὸτας
773 1772 825 1834 καλ
838 1766 1008 1851 ολοκλήροις
1022 1773 1140 1877 λχρντα,
1160 1769 1267 1835 κολλολ

175 1853 206 1920 d'
227 1852 462 1938 λθρήνησαν”
425 1880 519 1927 ουτως
523 1857 657 1960 αλσχονς
675 1855 727 1919 καλ
742 1851 900 1963 πτολστοις,
891 1855 965 1930 ,οἷς
978 1861 1036 1918 νῦν
1050 1854 1174 1960 ὁρᾶται,
1194 1860 1266 1933 φεῦ,

175 1942 308 2049 ληοντα.
331 1938 465 2049 προλλγρι
481 1934 541 2003 6⁹⁹
524 1964 568 2003 οτι
582 1940 633 2003 καλ
647 1940 804 2013 πλήσας’
772 1962 989 2047 ομνησονσιν,
1010 1935 1141 2045 cisino*
1120 1965 1159 2002 αν
1178 1938 1195 2003 6
1210 1935 1266 2003 κό-

86 2028 89 2037 ’
175 2046 250 2105 σμος
267 2021 349 2133 αι’τρι
337 2018 690 2130 καληπρλνιλξλακαλ
705 2020 883 2101 κατάστασις
906 2019 941 2087 ed
960 2031 1070 2087 ποιοῦν
1074 2018 1266 2110 ’λκανλλθη

173 2106 208 2175 iv
227 2110 317 2191 χιορλς
334 2114 395 2173 τῶν
409 2106 508 2172 ἄλλον
522 2116 643 2173 πολλιον
656 2134 708 2172 και
722 2106 872 2193 μεγάλων,
895 2116 956 2172 coir
974 2132 1005 2172 τε
1020 2110 1202 2191 λελιγμλνεον
1214 2107 1268 2173 καλ
1363 2142 1373 2153 =

171 2196 375 2276 παρειμένων,
396 2191 492 2301 μόνον
505 2196 555 2270 ,ελς
575 2194 713 2259 εὔκλειαν
732 2193 906 2273 λξαριιειν’
885 2190 1053 2296 ηγοιλμενος
1072 2200 1110 2280 τῇ
1129 2200 1189 2257 τῶν
1207 2189 1268 2257 πιλ-

174 2285 248 2344 λειιν
271 2280 402 2359 βασιλλιλι
424 2274 482 2344 ονίι
504 2274 565 2345 α’πο
559 2276 670 2361 ολμιτλ
684 2304 716 2363 ys
729 2305 784 2359 της
797 2276 1009 2359 προσηκούσης
1026 2281 1203 2387 λοκιμασιας
1218 2278 1268 2342 λιι·

174 2366 303 2446 πλσοιμι.
349 2364 483 2428 ἐνταῦθα
498 2387 561 2443 pue
573 2368 621 2429 καλ
634 2365 776 2473 τραφεὶς
775 2390 825 2430 και
815 2364 1047 2440 παιλινθελς
1028 2388 1044 2431 ο
1060 2370 1102 2449 τῷ
1117 2360 1181 2428 ὄντι
1196 2388 1269 2446 χρυ·

174 2457 247 2526 σοῦς
263 2444 406 2532 ’λαιᾶννης
420 2451 451 2526 λς
468 2459 612 2515 τοσοῦτον
627 2445 776 2532 ἤλαυν’
755 2455 873 2556 αρετῆς.
915 2462 1030 2511 tantam
1047 2431 1153 2510 urbem
1167 2472 1267 2532 neque

173 2539 253 2596 ferro
271 2557 370 2617 neque
390 2539 479 2596 amris
494 2556 594 2618 neque
606 2536 780 2598 hostium'
751 2559 783 2596 vs
798 2549 827 2596 et
840 2540 955 2617 impetu
970 2539 1008 2595 ob
1021 2557 1069 2596 sut
1058 2535 1267 2615 'magnitudi-

173 2643 244 2681 nem
265 2619 517 2703 pulchritudinem
540 2635 730 2704 caeterasque
752 2621 838 2682 dotes
854 2625 1166 2704 oppugnariunquam
1180 2641 1269 2702 posse

174 2709 396 2766 existimabant.
440 2727 508 2766 eam
529 2709 600 2768 licet
620 2711 740 2788 saepius
761 2719 792 2768 et
811 2708 1046 2768 adversarionun
1069 2706 1217 2766 machinis
1237 2716 1267 2765 et

174 2793 312 2850 civilibus
331 2791 526 2852 seditionibus
545 2797 622 2852 mire
641 2813 831 2874 oppressam,
853 2806 882 2852 et
896 2813 1006 2872 paucos
1018 2803 1087 2851 ante
1101 2809 1194 2850 annos
1206 2793 1268 2849 mi·

173 2878 220 2936 liti
232 2877 307 2934 Italo
321 2874 464 2978 praedam
478 2875 592 2952 datam,
615 2889 648 2936 nt
660 2881 702 2937 ita
717 2878 830 2952 dicam,
852 2877 976 2937 vidisset
987 2875 1133 2954 Iosephus
1146 2879 1266 2955 Bryen·

171 2963 257 3035 nius,
279 2963 331 3041 qui
351 2962 406 3019 sub
427 2963 567 3020 Manuele
586 2964 721 3038 vivebat,
743 2975 844 3021 tamen
863 2975 1014 3021 aetemam
1030 2962 1076 3018 illi
1089 2962 1265 3020 felicitatem

173 3059 346 3107 exterorum
367 3042 524 3104 hominum
543 3049 574 3104 ri
594 3067 749 3128 nunquam
767 3045 1042 3126 interrumpendam
1060 3044 1162 3106 divino
1176 3067 1266 3127 prae-

172 3134 272 3212 sagio,
302 3127 384 3212 quod
405 3132 521 3188 utinam
541 3133 583 3189 ita
603 3133 708 3190 fuisset
732 3151 789 3190 nec
810 3135 994 3212 experientia
1014 3152 1084 3190 eum
1106 3135 1266 3192 mentitum

172 3220 266 3277 luisse
294 3215 542 3289 demonstrasset,
572 3218 790 3275 oratiuncula
780 3237 812 3275 m
834 3219 872 3276 D
895 3220 1049 3295 Virginem
1071 3216 1266 3276 eucharistica

172 3301 344 3384 praedicere
375 3302 433 3361 sibi
465 3312 615 3377 autumat,
655 3320 745 3382 quam
772 3305 805 3360 in
831 3323 921 3383 opere
940 3313 1041 3360 nostro
1061 3301 1100 3361 de
1120 3313 1268 3382 perpetuo

172 3392 328 3468 utriusque
348 3387 490 3446 ecclesiae
502 3385 702 3446 Occidentalis
716 3398 807 3468 atque
819 3389 977 3448 Orientalis
990 3391 1185 3447 consensione
1198 3385 1265 3446 edi-

171 3485 234 3534 tam
250 3475 343 3552 leges.
384 3475 463 3532 Aac.

256 3579 287 3640 p.
301 3557 321 3622 5
334 3569 397 3617 not.
411 3561 474 3622 v.7
488 3558 525 3615 ab
539 3559 592 3615 λιιι.
635 3557 687 3620 ἰ’να
708 3554 766 3637 τήν
784 3553 896 3636 ταύτης
911 3553 1027 3638 κιλραν]
1048 3555 1124 3617 baec
1137 3567 1198 3616 tota
1212 3577 1269 3637 pe-

174 3641 275 3703 riodus
287 3643 393 3702 luxata
406 3653 450 3702 est
467 3654 497 3701 et
512 3641 653 3702 distorte:
674 3661 780 3702 seusus
793 3644 916 3724 quidem
929 3642 1104 3704 commodus
1118 3641 1189 3702 inde
1201 3644 1269 3700 elici

173 3739 286 3810 potest,
308 3725 363 3788 sed
385 3729 476 3787 rerba
501 3739 636 3807 corrupta
660 3741 739 3787 sunt.
783 3733 868 3789 cuim
890 3731 949 3788 loci
969 3727 1168 3800 medicinam,
1189 3737 1224 3784 ut
1239 3735 1271 3784 et

87 3837 90 3844 ·
174 3816 302 3874 aliorum
316 3813 604 3916 quamplurimorum
616 3816 647 3872 iu
662 3811 720 3872 hcc
733 3815 854 3889 libello,
875 3817 906 3872 in
921 3813 1003 3873 aliud
1017 3825 1136 3892 tempus
1150 3810 1270 3869 differre

170 3911 204 3958 et
224 3899 436 3958 felicioribus
427 3901 557 3977 ingeniis
577 3899 745 3980 relinquere
769 3921 863 3982 qnam
882 3903 972 3959 tricas
987 3910 1106 3957 nectere
1123 3897 1269 3956 'l'ellenas

173 3987 496 4065 comtdtiuspntamus.
537 3985 661 4044 Doust.

256 4069 298 4129 ib.
313 4081 375 4128 not.
387 4089 416 4128 v.
430 4069 527 4133 aab
518 4089 572 4126 ιιιι.
615 4062 693 4131 καθ’
700 4063 861 4148 Ὅμηρον]
882 4088 950 4127 cum
963 4065 1119 4125 haererem
1129 4083 1166 4123 ac
1177 4062 1268 4123 dubi

171 4163 267 4213 tarem
279 4174 317 4212 an
330 4152 380 4212 hic
392 4155 474 4214 locus
486 4156 518 4210 in
531 4157 661 4212 Homero
676 4165 802 4226 extaret,
825 4165 989 4232 opportsme
1003 4147 1174 4210 subvenit‘
1155 4175 1171 4213 ο
1185 4157 1269 4211 θαα-

171 4235 280 4320 μιλσιος
302 4241 411 4298 Daniel
430 4241 585 4313 Heinsius,
607 4250 742 4298 nostrum
758 4251 788 4298 et
801 4241 955 4298 Musarum
969 4236 1082 4296 decus*
1073 4255 1265 4316 incompara-

170 4325 247 4399 bile,
267 4327 443 4406 monentque
457 4321 581 4382 Hesiodi
595 4344 675 4400 esse,
689 4321 807 4408 Ἕρμων
821 4326 889 4405 β,
879 4343 946 4404 ipso
958 4323 1035 4382 fines
