3100 4850
305 304 380 377 258
708 306 755 375 lli
779 307 1008 380 Gtoaclou

304 474 472 560 frequentis
486 472 604 536 nullum
622 472 700 535 vidit
712 476 876 551 illustrius,
904 472 982 535 adeo
997 475 1191 537 clumam
1209 473 1400 537 damano-

306 564 1137 645 queutuequepesuequecaputineosppareat.
1185 561 1399 621 (iel’brsnzu

303 658 416 709 temere
434 645 590 705 confundit
609 650 726 721 omnia,
755 651 810 728 qui
827 644 975 707 iodidum
990 645 1050 705 boc
1066 648 1123 705 sub
1143 650 1265 707 Batsoio
1284 649 1399 707 factum

303 730 846 811 oub'l'beoduroilliuoliliopouit.
893 735 1400 833 quoemmmr'rssuspicionens

304 820 420 898 captati
440 818 578 895 impero,
605 818 921 895 orsipera'dtampus
948 816 1402 877 lbeodonsslasoums'norbr

298 902 506 983 praesidebat,
522 920 579 980 per
594 902 780 961 enirm
791 904 920 961 vocavit.
964 901 1107 977 secundo,
1128 906 1297 983 quaestioni
1308 924 1399 982 prae-

302 991 408 1063 subse,
431 992 516 1046 cuius
530 998 597 1046 tum
608 985 689 1069 apud
701 990 912 1067 inperatorem
923 988 1089 1065 plurimum
1099 989 1218 1046 valebat
1229 992 1399 1063 auctoritas,

304 1076 467 1134 Arrenium
486 1070 686 1151 patriarcham
706 1092 775 1131 cum
798 1073 867 1132 aliis
888 1070 1049 1131 iudicibus.
1091 1084 1122 1131 et
1136 1084 1240 1131 tamen
1254 1076 1398 1133 Arrenius

303 1170 373 1239 post
387 1155 465 1217 illud
478 1156 622 1216 iudicium
636 1178 678 1217 ex
692 1155 891 1236 Apollonisde
906 1160 1019 1216 accitus
1035 1160 1068 1215 iu
1078 1157 1313 1237 patriarchatum
1326 1180 1398 1217 ere-

305 1256 371 1305 ctus
388 1254 442 1303 est.
486 1246 584 1318 tertio,
600 1245 768 1322 episcopus,
783 1245 837 1323 qui
849 1242 897 1300 illi
908 1240 1015 1301 suadet
1027 1254 1061 1301 ut
1074 1245 1192 1303 consilii
1202 1248 1250 1302 sui
1264 1247 1398 1303 conscios

305 1328 452 1403 ediceret,
476 1330 568 1386 edum
586 1325 778 1387 iureiurando
792 1330 940 1406 promittit
954 1329 1024 1386 illos
1040 1330 1122 1387 solos
1138 1330 1311 1407 exlegibus
1323 1349 1399 1407 poe-

304 1436 360 1475 nos
375 1412 511 1488 daturos,
532 1409 713 1472 llicbaalem
727 1413 766 1470 ab
781 1415 864 1471 omui
875 1414 1023 1491 supplicio
1041 1417 1210 1472 inmunem
1220 1434 1256 1472 ac
1269 1415 1400 1473 liberum

304 1502 463 1559 abiturum.
508 1508 538 1555 et
550 1494 608 1555 hoc
620 1499 678 1555 fuit
689 1508 808 1577 praeter
819 1500 999 1555 sententium
1010 1500 1214 1577 imperatoris3
1235 1510 1266 1557 et
1280 1502 1400 1579 episco-

304 1604 361 1665 pus
374 1585 520 1663 promittit
530 1602 686 1662 nunquam
700 1593 804 1661 postea
817 1582 1014 1642 observanda.
1056 1595 1171 1665 quarto,
1191 1585 1400 1664 probationem

304 1670 377 1728 ferri
393 1666 547 1726 condentia
562 1666 693 1727 lilicbuel
714 1665 753 1725 ad
768 1666 956 1745 probandam
973 1688 1060 1727 susm
1078 1672 1280 1729 innocentiam
1290 1659 1398 1748 poscit.

304 1754 412 1837 quodsi
423 1752 480 1811 hoo
495 1774 556 1811 non
569 1762 611 1811 act
621 1756 708 1822 acub,
734 1750 854 1811 obuero
869 1763 911 1823 te,
936 1752 1069 1824 domme,
1096 1754 1154 1812 boc
1167 1755 1243 1812 uu'lri
1252 1756 1307 1825 du,
1325 1755 1400 1833 ser·-

304 1839 878 1916 mmincominiflammascoru'ecturu
895 1838 1400 1918 amatqmeonmvelumm-

304 1936 406 2004 terque
416 1924 548 1981 candore
560 1922 701 1981 morsibus
712 1922 893 2001 complector
898 1964 912 1993 ,
937 1944 1113 2004 parmasque
1124 1926 1159 1982 s'u
1173 1927 1274 1982 sinum
1285 1926 1401 1982 onmia

305 2022 382 2080 tem,
404 2030 528 2087 eperum
540 2008 643 2080 deum,
667 2009 721 2088 qui
733 2019 914 2086 oespuerue
926 2010 960 2065 in
974 2012 1092 2066 maduo
1106 2011 1188 2089 r'guis
1198 2008 1351 2080 ubmvo,
1371 2020 1401 2067 et

304 2095 426 2154 cadum
443 2094 532 2151 illum
546 2096 649 2151 οπηιία
661 2102 847 2151 contrarium
860 2113 1032 2172 emptaque
1042 2095 1180 2173 docilem,
1207 2098 1263 2175 qui
1280 2106 1401 2153 senaa-

305 2192 356 2239 tur
367 2180 602 2251 rmesetcorrlo,
616 2180 727 2257 quiqm
738 2181 823 2237 novit
834 2198 889 2236 nec
901 2180 1113 2257 cogitassem
1124 2183 1290 2257 concepisse
1301 2200 1350 2238 me
1362 2180 1402 2239 d«

305 2264 746 2345 quibusinterrogeafilluesum,
755 2262 1400 2340 es'aiplorroerit,ododuetiomaarvotumm.

304 2348 363 2408 hoc
373 2369 443 2407 vero
458 2369 575 2407 merum
587 2347 781 2407 mendacium
792 2357 852 2407 est:
866 2368 986 2428 semper
998 2351 1081 2407 enirn
1092 2350 1129 2406 ab
1143 2347 1316 2409 huiusmodi
1327 2351 1401 2407 ierri

204 2449 207 2459 ·
307 2433 461 2493 candentis
481 2436 686 2513 experimento
708 2433 877 2508 abborruit,
898 2437 1060 2516 palamque
1079 2434 1175 2493 edixit
1190 2456 1224 2495 se
1239 2447 1274 2493 nt
1285 2439 1401 2495 Roma-

304 2538 379 2576 num
394 2519 511 2596 legibus
523 2521 676 2594 Romanis,
692 2538 754 2578 nou
768 2518 912 2592 barbaris,
934 2519 1054 2601 quando
1064 2520 1116 2578 ille
1126 2539 1192 2579 mos
1205 2519 1401 2579 barbarorum

305 2613 378 2677 erat,
399 2599 594 2660 iudicandum
606 2623 681 2662 esse.
724 2606 840 2683 quinto,
860 2605 1046 2683 ineptissime
1060 2606 1097 2663 ab
1111 2607 1250 2684 episcopo
1265 2604 1399 2664 deterre-

304 2699 354 2747 tur
366 2685 496 2746 Michael
510 2687 548 2745 ab
562 2687 615 2745 illa
627 2687 813 2766 probatione,
830 2707 906 2746 cnm
918 2693 1075 2770 episcopus
1087 2691 1140 2748 ille
1153 2689 1193 2749 ad
1206 2709 1274 2750 eam
1288 2689 1400 2750 suade·

305 2785 366 2848 ret,
400 2775 454 2854 qui
480 2781 630 2851 comperta
649 2782 755 2851 postea
773 2769 931 2833 Michaelis
954 2787 1056 2834 mente
1074 2776 1165 2833 verba
1186 2777 1241 2834 illa
1262 2777 1399 2855 protulit.

305 2879 374 2917 cum
388 2861 490 2939 itaque
506 2861 607 2918 omnia
621 2855 786 2917 confundat
801 2869 832 2916 et
843 2860 964 2918 mutilet
974 2880 1028 2939 pro
1042 2859 1169 2920 libidine
1181 2859 1328 2936 Phrauza,
1342 2881 1399 2920 nos

304 2962 341 3002 eo
359 2945 496 3021 neglecto
518 2963 558 3002 ex
578 2945 644 3003 aliis
665 2944 856 3024 scriptoribus
870 2963 934 3003 rem
947 2943 1023 3004 adeo
1036 2947 1221 3024 singularem
1232 2947 1400 3006 illustrabi-

303 3047 381 3086 mur.
424 3029 571 3086 Hauricus
591 3047 710 3110 quoque
731 3027 911 3108 Spoudauus
931 3032 964 3087 iu
982 3031 1211 3089 continuatione
1234 3033 1400 3090 Annalium

304 3114 380 3170 miro
400 3109 644 3186 anachronismo,
674 3123 708 3172 ut
729 3133 851 3192 semper
869 3115 959 3188 solet,
992 3112 1052 3174 hoc
1069 3113 1153 3174 idem
1173 3113 1320 3176 iudicium
1340 3117 1399 3175 sub

304 3194 466 3257 Theodoro
480 3199 575 3275 ponit,
595 3197 650 3256 sub
666 3216 726 3280 quo
738 3198 894 3259 affeuauo
905 3201 1067 3280 imperium
1077 3199 1259 3260 llichaelem
1269 3201 1400 3261 Palaeo-

304 3282 409 3360 logum
426 3282 537 3340 scribit.
578 3285 657 3342 Anu.

388 3401 418 3462 p.
434 3384 496 3448 100
509 3401 539 3440 r.
559 3384 590 3445 1.
633 3377 799 3463 Νικόλαος]
828 3384 944 3443 Nicolai
968 3381 1058 3445 buius
1083 3404 1204 3467 quoque
1226 3388 1339 3446 mentio
1364 3389 1400 3448 lit

303 3485 394 3546 supra
408 3467 474 3526 loco
488 3469 672 3548 nimiaquaru
684 3480 832 3549 corrupto.
854 3471 1055 3550 μαγκλαβίτης
1064 3469 1141 3529 nibil
1155 3470 1240 3530 aliud
1249 3483 1294 3531 est
1305 3489 1400 3554 quam

303 3562 402 3611 custos
414 3549 453 3609 ad
466 3553 553 3610 aulae
564 3554 700 3628 ianuam,
723 3555 808 3613 clava
820 3565 966 3630 umatus,
997 3575 1088 3636 quam
1100 3550 1286 3638 μαγιλᾶβιον
1296 3561 1400 3617 mani-

304 3637 437 3696 clacu'um
450 3637 652 3716 appellabant.
694 3637 765 3698 vide
780 3640 966 3700 Glossarium
978 3641 1103 3703 Meursii
1121 3644 1155 3701 iu
1166 3637 1354 3728 μαγιλᾶβιον
1368 3653 1399 3703 et

302 3721 511 3806 μαγκλαβίτης.
552 3723 676 3782 Douss.

386 3840 429 3899 r'b.
473 3845 594 3904 κατεῖπε
618 3836 695 3925 uode
729 3837 785 3905 adv
816 3840 956 3924 βασιλέα]
996 3864 1087 3925 saepe
1124 3845 1200 3905 alias
1239 3846 1331 3904 etiam
1362 3848 1399 3922 iu

302 3927 504 4004 suspicionem
521 3926 650 3986 affectati
666 3929 787 4006 imperii
803 3927 859 3986 sub
871 3925 931 3987 hoc
946 3931 1069 3990 Batncin
1083 3934 1202 3991 venisse
1214 3929 1398 3991 llichaelem

299 4011 516 4090 Palaeologum
529 4010 626 4071 babeo
642 4031 683 4071 ex
695 4013 750 4072 Ga.
765 4009 952 4091 Pacbymere
972 4015 1026 4074 lib.
1043 4017 1062 4079 1
1076 4034 1141 4095 cap.
1156 4019 1186 4093 7,
1213 4017 1267 4096 qui
1280 4014 1398 4077 ibidem

242 4102 246 4110 '
301 4097 426 4174 exponit
437 4095 588 4177 quomodo
601 4099 741 4157 Bataciua
756 4101 946 4158 securitatem
958 4100 1016 4160 sibi
1031 4102 1166 4181 parabat.
1207 4103 1287 4163 Aac.

382 4211 425 4271 it.
441 4223 505 4274 not.
519 4235 550 4274 r.
563 4219 595 4278 7.
637 4211 662 4297 ἦ
680 4211 732 4279 did
751 4210 870 4298 μύδρον
888 4211 1056 4300 indiuisa]
1078 4220 1151 4279 ferri
1168 4217 1323 4278 candentis
1336 4239 1398 4279 ex·

296 4295 497 4376 perimentum
517 4298 556 4360 ad
576 4301 763 4366 innocentiae
780 4302 990 4382 probationem
1010 4316 1082 4366 nota
1102 4308 1196 4366 etiam
1210 4307 1333 4364 Graecis
1357 4323 1397 4363 ea
