3100 4850
234 280 307 369 19'4
526 260 811 357 cons'mnmu
840 217 1041 351 mnn'ssis

335 462 416 531 οὕτω
428 441 547 549 μητρός
562 441 613 525 καλ
627 455 784 545 θυγατρός
796 452 890 539 μέσον
907 454 1017 539 έπέπτη
1033 446 1152 537 σπάθη,
1189 430 1194 443 ¹

337 566 503 652 διχόζουσα
518 566 569 629 καλ
584 563 734 645 τέμνουσα
748 559 827 644 μετὰ
844 564 950 641 θυμοῦ
966 556 1123 643 ῥομηαίας

335 678 434 740 νεᾶνιν
448 669 504 753 τὴν
518 664 724 754 εὐπρόσωπον,
746 664 806 748 ιτὴν
821 663 970 748 νεωτέραν
979 657 1111 744 Ῥώμην,

338 780 370 842 lx
387 780 442 857 τῆς
456 772 571 860 ῥυσσῆς
585 772 636 834 καὶ
651 773 786 845 παλαιᾶς
802 771 852 831 καὶ
867 766 1070 852 τριπεμπέλου
1082 757 1212 843 Ῥώμης.

236 882 321 949 4525
391 880 456 943 Kal
473 882 569 941 ταῦτα
582 875 638 955 μέν
654 871 796 956 τετύχηκε
812 866 1046 954 τοιουτοτρόπων
1062 868 1182 941 τέλους·

340 978 360 1065 ἦ
376 983 497 1065 βασιλὶς
514 974 629 1065 Εἰρήνη
643 977 678 1041 δέ
693 974 792 1040 πολλὰ
811 972 1050 1060 προθυμουμένη

339 1087 453 1170 μανίαν
465 1083 521 1165 τὴν
534 1079 743 1168 τριβόρβαρον
754 1080 868 1161 ε’κείνην
884 1076 1032 1162 ἀφανίσαι

297 1274 300 1282 ,
341 1192 392 1254 καὶ
406 1184 504 1270 μόσος
520 1184 593 1272 ὅπερ
611 1185 755 1269 δέδρακεν
769 1184 812 1258 είς
826 1180 878 1245 τόν
892 1179 959 1243 υἱὸν
971 1164 1125 1252 ε’κπλῦναι,

336 1288 506 1380 χρημάτων
518 1289 608 1364 ὅλους
623 1285 803 1372 θησαυροδς
821 1283 943 1348 έκένωσε
961 1288 999 1369 τῇ
1015 1278 1111 1355 πόλει,

239 1401 325 1467 4530
343 1397 392 1462 καὶ
410 1394 464 1459 τόν
474 1398 612 1476 χειμῶνα
625 1396 686 1455 τῶν
700 1396 801 1475 χρεῶν
816 1388 941 1474 δ’τρεψεν
955 1390 998 1462 εἶς
1011 1384 1123 1459 εδδιάν,

342 1498 396 1584 έαρ
410 1502 546 1583 χρυσοῦν
572 1494 701 1576 ἐκχέασα
718 1499 772 1576 τῆς
790 1490 1030 1576 μεγαλοδωρίας.
1087 1470 1090 1477 ¹

199 1624 225 1681 1)
345 1602 424 1686 πλὴν
441 1600 512 1664 ἀλλ’
530 1596 546 1663 δ
561 1600 682 1679 βλέπων
694 1596 733 1661 τὰ
746 1594 866 1682 κρυπτιλ
880 1596 931 1658 καὶ
947 1593 1057 1665 συνιεὶς
1071 1590 1113 1663 είς
1128 1578 1238 1661 πιόντα,

344 1700 585 1785 δπαντεπόπτης
600 1696 784 1789 ὀφθαλμός,
810 1694 826 1763 δ
841 1697 897 1775 τός
910 1698 1039 1788 καρδίας
1050 1692 1159 1777 κρίνων
1228 1677 1231 1687 ’

344 1809 518 1895 προσέσχεν,
545 1802 630 1885 είδεν,
655 1803 793 1887 ἔβλεψεν,
819 1799 975 1885 ἐζήλωσεν,
1001 1798 1156 1882 ἠχθέσθη,

242 1914 326 1983 4585
344 1915 394 1977 καὶ
409 1911 485 1997 πρὸς
498 1908 601 1997 βραχδ
614 1915 669 1990 τῆς
681 1904 794 1991 ἡδονῆς
805 1912 860 1971 τοῦ
875 1902 1006 1990 κρότους
1021 1894 1191 1988 γευσαμένη

346 2012 573 2101 ἀψινθιόζοντα
587 2010 694 2097 πικρόν
706 2011 829 2097 ἐκέρασε
842 2014 991 2096 κρατῆρα,

344 2122 396 2185 καὶ
411 2118 464 2184 τὸν
479 2119 604 2204 τρυγίαν
620 2122 674 2196 τῆς
689 2114 783 2201 ὀργῆς
794 2120 833 2200 τῇ
848 2102 1102 2198 παρανομησόση.
1161 2108 1162 2113 ’

346 2219 570 2297 ἐπαναστάντος
584 2219 643 2306 γὰρ
661 2219 740 2304 αὐτῇ
754 2215 835 2293 τινός
848 2221 909 2281 τῶν
922 2221 977 2295 τῆς
993 2203 1179 2295 συγκλήτου,

345 2332 406 2391 τῶν
423 2322 640 2411 περιλάμπροιν
656 2323 707 2385 καλ
722 2322 875 2405 γνωστῶν,
900 2318 1036 2399 τοῦνομα
1050 2306 1243 2399 Νικηφόρον,

245 2434 331 2500 4540
347 2427 526 2512 ίκβόλλεται
542 2431 599 2492 τοῦ
613 2433 668 2508 τῆς
679 2425 777 2510 ἀρχῆς
790 2423 1013 2508 ἀγλαοδένδροο
1030 2414 1139 2501 κήπου,

348 2534 415 2598 ἀντὶ
429 2535 548 2617 τροφῆς
560 2529 733 2614 καρπίζεται
749 2527 990 2613 διικνοκαρδιόυς
1002 2518 1123 2596 πόνους,
1148 2543 1167 2564 -·

347 2633 459 2711 πόνους
475 2634 511 2697 οὗ
527 2627 639 2708 πόνους
655 2637 795 2709 τοκετοῦ,
821 2637 883 2696 τῶν
899 2631 1068 2715 συμηορῶν
1084 2623 1118 2688 δέ
1132 2611 1251 2704 κέντρα,

349 2738 449 2823 ἅλμην
464 2763 494 2801 τε
506 2731 779 2818 πίνειθλιλγειοςὼς
794 2734 928 2818 πένησσα
939 2736 1089 2820 χερνῆτις.

318 2950 388 3006 4530
400 2941 499 3003 ἄδειαν
510 2932 534 3002 λ

252 3140 318 3194 illud
333 3137 424 3190 harum
441 3133 544 3190 urbium
558 3131 690 3187 vinculum
702 3140 807 3204 ruptum
823 3131 890 3202 fuit,
911 3131 951 3186 sie
967 3133 1074 3184 matrem
1092 3119 1177 3181 afilia
1188 3116 1291 3189 gladius
1308 3112 1351 3166 ‹li-

253 3209 319 3263 visit
329 3225 362 3260 ac
373 3205 503 3273 resecuit,
524 3205 634 3257 Romam
651 3205 711 3261 dico
724 3203 912 3272 recentiorem,
933 3202 1075 3258 formosam
1090 3195 1161 3253 illam
1178 3184 1351 3251 iuvenculam,

252 3280 286 3332 ab
299 3277 383 3330 altera
394 3291 492 3344 rugosa
504 3272 634 3343 planeque
646 3281 761 3328 vetusto.

322 3345 446 3397 Ceterum
460 3343 615 3412 imperatsix
629 3343 724 3410 Irene,
750 3359 808 3396 cum
823 3357 918 3410 magno
931 3337 1019 3393 studio
1033 3337 1149 3388 fluorem
1165 3327 1236 3380 illum
1253 3323 1352 3377 barba-

252 3415 382 3470 rissimum
398 3420 425 3466 st
440 3413 534 3481 ingens
552 3411 696 3481 piaculum,
714 3413 785 3482 qnod
801 3412 828 3464 in
844 3411 925 3464 filiurn
943 3405 1120 3469 commiserat,
1146 3399 1234 3452 eluere
1248 3393 1352 3447 delere·

253 3501 306 3555 que
322 3490 446 3552 cuperet,
466 3491 537 3534 totos
553 3480 722 3550 pecuniarum
734 3482 875 3534 thesamos
890 3479 916 3532 in
930 3477 1004 3532 urbis
1024 3491 1098 3526 nsum
1113 3467 1301 3529 exhauriebat,
1325 3465 1354 3512 et

253 3562 394 3607 vexantem
406 3553 546 3603 obaeratos
562 3559 745 3620 tempestatem
760 3551 788 3604 in
803 3549 972 3603 serenitatem
986 3543 1174 3604 commutabat,
1199 3531 1353 3587 munificen-

253 3623 293 3677 tia
308 3639 357 3675 sua
369 3621 499 3690 quoddam
515 3618 589 3672 velut
601 3635 707 3673 aureum
724 3637 773 3673 ver
788 3621 935 3674 effundens.
970 3629 1061 3668 verum
1077 3608 1166 3663 oculus
1182 3605 1226 3658 ille
1243 3601 1289 3672 qui
1307 3617 1353 3652 oo·

255 3691 326 3747 Gssllss
340 3689 482 3760 ΡθῐδΡῑΰῑῐ,
500 3689 586 3741 ⁰1111¹ls
600 3687 741 3757 intelligit,
766 3691 847 3742 corda
862 3688 977 3753 indicat,
1000 3685 1033 3736 ad
1050 3683 1152 3734 Itanum
1168 3693 1199 3731 se
1211 3669 1353 3733 convertit,

254 3781 313 3816 eam
326 3758 457 3830 adspexit,
473 3759 579 3810 fervore
594 3759 706 3827 quodam
723 3775 850 3812 accensus
864 3767 920 3824 eet,
939 3753 1058 3824 graviter
1074 3749 1235 3813 molesteque
1251 3741 1353 3794 lacinus

256 3833 314 3884 ⁰5⁰⁸
324 3830 403 3892 tulit3
419 3843 527 3898 cumque
532 3826 706 3909 perexiguum
721 3831 755 3880 ad
766 3836 870 3896 tempus
877 3825 981 3896 imperii
994 3815 1204 3889 voluptatsmilla
1214 3815 1354 3890 degustes·

256 3909 307 3967 set,
325 3911 439 3953 amarum
454 3897 556 3965 flagitio
573 3894 687 3965 pollutae
703 3907 839 3963 craterem,
858 3913 921 3949 snae
935 3891 1060 3946 videlicet
1071 3890 1128 3941 irae
1139 3887 1228 3938 faeces
1239 3881 1354 3933 miscunt.

257 3970 356 4038 quippe
371 3968 503 4023 concitate
516 3966 648 4021 seditione
662 3981 712 4034 per
727 3967 856 4034 quendam
872 3963 971 4017 ordinls
988 3959 1115 4014 senatorii
1128 3955 1213 4008 visum
1228 3950 1355 4014 illustrem

257 4046 285 4089 et
300 4037 405 4104 clarum,
423 4034 466 4089 cui
478 4051 573 4088 nomen
584 4034 762 4102 Nicephorus,
778 4033 811 4085 im
833 4034 891 4086 erio
902 4033 1006 4087 deiecta
1019 4037 1069 4096 est,
1085 4043 1133 4096 pro
1149 4023 1285 4093 voluptate
1298 4025 1355 4072 mo*-

258 4103 348 4159 lestias
365 4125 411 4160 eor
431 4106 574 4159 exedentes
591 4110 747 4170 consecuta,
771 4053 904 4156 molestiae
920 4102 1026 4170 inquam
1047 4115 1099 4151 non
1114 4106 1168 4149 tam
1187 4089 1357 4162 appellandae

258 4172 390 4228 molestiae
403 4191 480 4244 qnam
492 4174 667 4226 calamitatum
683 4170 732 4223 filii
743 4170 872 4225 stimulos.
908 4185 991 4240 quare
1004 4168 1129 4236 deinceps
1143 4179 1216 4216 mere
1231 4157 1357 4213 efflictim

259 4256 319 4320 npm
337 4243 489 4309 hauriebat,
514 4253 637 4311 tnnquam
661 4239 819 4322 paupercula
836 4239 929 4293 muller
949 4249 977 4292 et
997 4239 1084 4291 nendo
1101 4235 1198 4288 victum
1216 4237 1359 4301 quaerens:

258 4312 386 4364 esusmodi
403 4313 510 4366 efficere
527 4312 600 4365 vitae
612 4308 731 4364 ‘mortales
745 4310 923 4364 inconstantia
933 4307 1080 4375 consuevit,
1099 4313 1127 4359 et
1140 4304 1190 4356 hoc
1202 4301 1280 4354 modo
1294 4299 1361 4350 deus
