3100 4850
459 393 464 401 ,
513 320 814 433 scitopomaal
836 265 989 391 Nolis.
1020 354 1023 358 ’
1218 324 1293 393 253

197 486 272 547 hoec
295 486 333 547 de
353 488 488 549 Teruohi
507 488 646 567 episcopo
667 486 797 565 scripsit.
840 482 879 547 de
900 489 1035 549 Temobi
1053 489 1221 549 autonomia
1236 508 1293 549 nos

198 575 288 631 etism
302 574 385 633 alibi.
428 573 603 632 Temobum
618 590 708 651 porro
718 566 854 630 omniurn
870 577 980 633 Haemi
994 576 1116 633 urbium
1125 578 1291 634 munitissi-

197 677 280 715 mam
293 669 323 717 et
336 660 625 737 praestantissimam
636 654 708 715 dicit
722 654 879 734 Ghonieta,
900 661 933 717 in
944 662 1056 721 montis
1069 663 1181 720 vertice
1195 663 1292 737 sitam,

197 743 290 803 fiunis
302 740 517 801 circumdatam
532 742 700 801 moenibus.
742 744 822 800 Aen.

159 852 163 860 ·
280 849 311 907 p·
328 828 370 891 55
384 846 414 885 r.
426 828 457 890 9.
500 822 714 907 sris-dorsetis]
737 828 885 905 Gregoras
896 845 929 905 p·
942 828 984 891 30
1003 829 1035 891 6.
1078 829 1157 888 aar..

279 933 311 991 p·
327 911 478 976 56V015·
521 910 655 992 ἔφημεν]
681 930 748 991 cap·
765 913 814 977 31·
858 914 937 970 ΑΠ’·

279 1017 309 1075 p.
325 995 365 1059 68
380 1016 411 1055 v.
425 998 456 1061 8.
499 996 655 1077 Σκυθῶν]
677 1014 747 1055 cum
765 999 892 1055 Ioannes
906 996 1006 1055 Duces
1022 1015 1123 1055 rerum
1137 1000 1294 1076 potiretur,

194 1082 329 1139 maxiem
346 1079 528 1160 Scytharum
547 1079 710 1141 multitudo
725 1082 763 1139 sb
775 1082 976 1161 Hyperboreis
990 1078 1084 1140 effusa
1097 1080 1138 1139 ad
1152 1084 1295 1163 Caspium

194 1185 277 1223 mere
292 1164 461 1241 descendit,
483 1178 513 1226 et
527 1187 630 1225 eorum
644 1164 719 1225 duce
733 1166 897 1226 Sitn'scane
910 1164 1050 1225 defuncto
1063 1167 1119 1223 filii
1134 1168 1198 1227 eius
1212 1166 1294 1227 (ihe-

193 1252 260 1309 laus
274 1261 303 1309 et
315 1250 488 1331 Telspuges
501 1255 650 1311 exercitus
665 1250 812 1315 dividunt.
847 1250 977 1311 chalcus
988 1252 1130 1330 Caspium
1143 1261 1175 1309 et
1186 1256 1292 1313 Iaxar-

193 1344 257 1393 tem
279 1336 403 1395 fluvium
425 1335 464 1395 ed
485 1337 737 1416 septemtrionem
753 1338 928 1417 relinquens
938 1357 994 1416 per
1003 1337 1176 1395 inferiorem
1185 1340 1292 1397 Asiam

194 1418 365 1481 descendite
385 1422 558 1502 Telepuges
580 1422 728 1481 limitibus
750 1424 872 1501 imperii
887 1424 935 1482 aui
951 1422 1119 1482 constitutis
1131 1422 1291 1483 meridiem

192 1526 296 1565 versus
310 1508 435 1567 Caucasi
448 1508 653 1567 cacuminibus
667 1516 698 1567 et
713 1506 854 1587 deinceps
867 1510 946 1567 mari
959 1507 1083 1588 Caspio,
1104 1527 1159 1587 per
1172 1510 1289 1567 Massa-

192 1602 329 1668 getarum
344 1602 374 1651 et
387 1593 631 1653 Sauromatarum
643 1594 798 1671 regionem
810 1593 1015 1673 proficiscitur,
1031 1595 1201 1675 subigitque
1212 1614 1290 1674 gen-

192 1686 238 1735 tes
251 1694 355 1737 omnes
370 1696 447 1758 quae
459 1676 641 1739 Maeotidem
655 1676 800 1757 paludem
814 1688 845 1737 et
856 1680 988 1737 Tanaim
1006 1680 1189 1739 accolebant.
1232 1678 1289 1738 de-

191 1759 263 1819 inde
278 1763 376 1820 Tanai
392 1773 530 1841 superato
548 1759 691 1822 adversus
708 1764 882 1841 Europaeos
899 1773 1005 1842 gentes
1019 1764 1131 1822 multas
1143 1783 1179 1823 aa
1191 1767 1288 1823 varies

192 1853 222 1903 et
244 1866 284 1903 ex
304 1844 414 1905 iisdem
431 1844 551 1926 Scythis
568 1857 647 1907 ortes
659 1848 807 1927 impetum
818 1847 907 1921 fecit,
929 1866 1007 1928 quaa
1023 1850 1221 1927 impressione
1231 1850 1287 1907 illa

190 1932 365 2008 perterritae
381 1930 540 1991 mutandas
555 1932 615 1990 sibi
631 1928 719 1991 sedas
734 1942 931 1991 censuerunt:
952 1950 1052 2012 neque
1068 1934 1151 1990 enlm
1162 1933 1225 1991 illis
1237 1952 1290 1992 sa-

190 2017 229 2073 tia
242 2014 369 2075 fiduciae
382 2014 422 2075 ad
434 2014 634 2077 resistendum
645 2028 718 2091 erat,
740 2015 795 2076 sed
806 2036 912 2085 omnes
924 2027 954 2078 et
966 2027 1072 2095 gentes
1083 2026 1114 2074 et
1124 2018 1214 2076 nrbes
1225 2028 1290 2077 tre-

190 2098 336 2177 pidabent
350 2111 380 2159 et
393 2102 476 2160 velut
490 2104 591 2182 spicae
603 2103 637 2160 in
649 2120 717 2161 eree
733 2102 913 2164 terebantur.
954 2099 1035 2159 unde
1051 2111 1081 2166 et
1096 2100 1131 2160 hi
1143 2100 1285 2181 Scythico

189 2186 269 2243 bello
293 2184 449 2265 desperato
470 2188 600 2265 pellibus
620 2186 709 2267 pelea
724 2187 822 2265 plenis
837 2206 892 2267 pro
906 2186 1020 2245 ratibus
1035 2188 1082 2245 usi
1098 2206 1167 2245 cum
1180 2188 1287 2246 uxori-

188 2268 246 2329 bus
264 2280 294 2329 et
310 2272 413 2330 liberis
434 2274 544 2331 latrum
567 2272 766 2345 esurierunt,
788 2291 845 2332 uec
860 2271 946 2339 brevi
957 2280 1093 2351 tempore
1106 2273 1140 2329 iu
1154 2270 1286 2332 Threcia

189 2354 380 2431 oberrarunt,
410 2354 551 2415 idoneam
572 2356 630 2415 sibi
652 2357 801 2416 coloniam
820 2366 1015 2439 quaerentes,
1037 2354 1143 2415 decem
1160 2358 1286 2417 milibus

188 2437 270 2499 haud
284 2445 450 2521 pauciores.
472 2461 513 2500 ex
525 2445 667 2522 Gregora.
709 2443 788 2502 Ana.

273 2525 372 2602 ilar.
392 2529 423 2592 9.
467 2525 505 2586 de
527 2529 723 2588 Tartarorum
747 2523 875 2588 colluvie
895 2535 927 2586 et
946 2525 1084 2586 berbesio
1105 2527 1182 2586 vadi
1203 2529 1308 2588 varia,

187 2611 386 2692 scripserunt,
413 2611 583 2674 Haithonus
600 2615 760 2674 Annenius
781 2616 815 2673 in
832 2614 977 2672 Orientali
997 2611 1139 2688 historia,
1166 2615 1286 2674 Marcus

186 2697 299 2755 Paulus
318 2699 449 2758 Venetus
468 2701 502 2758 in
524 2701 695 2776 itinerario,
715 2696 892 2759 Alexander
909 2700 1064 2780 Gagninue
1082 2702 1116 2758 in
1136 2699 1285 2758 Sarmatia

185 2781 354 2858 Europaeis,
376 2793 406 2840 et
419 2785 588 2862 complures
603 2787 666 2848 alii,
710 2787 847 2844 omnium
859 2784 1096 2843 luculentissime
1110 2784 1286 2841 Vincentius

184 2865 378 2924 Beluecensis
399 2867 432 2924 iu
452 2868 541 2946 Spec.
560 2870 671 2928 Hister.
691 2868 746 2926 lib.
760 2873 799 2932 31
819 2878 849 2926 et
862 2871 903 2930 82
922 2885 963 2924 ex
976 2868 1100 2926 Simone
1118 2863 1156 2923 de
1172 2866 1284 2925 Sancto

186 2951 326 3020 Qteiutiuo
351 2961 380 3008 et
402 2947 536 3009 Iohanne
557 2949 595 3010 de
615 2953 812 3030 Planocarpi;
834 2949 983 3030 quaedam
998 2951 1090 3008 etiem
1104 2970 1144 3009 ex
1157 2947 1282 3011 blstorie

184 3035 390 3092 'l'artarorurm
432 3032 489 3094 hos
509 3037 657 3096 vincentii
680 3047 815 3096 auctores
832 3044 970 3094 secutum
984 3033 1073 3094 rideo
1088 3037 1160 3099 Ant.
1177 3037 1282 3095 Bouli-

184 3120 269 3178 nium
283 3121 352 3181 ller.
367 3121 477 3198 Unger.
487 3119 599 3181 'Decad
616 3126 636 3184 2
651 3119 705 3178 lib.
722 3124 759 3194 8,
781 3120 834 3178 ubi
850 3121 954 3179 statim
966 3123 999 3180 in
1013 3123 1098 3180 initio
1113 3120 1151 3179 de
1165 3124 1281 3180 miran-

185 3203 232 3264 dis
254 3207 450 3264 Tartarorum
472 3205 605 3264 moribus
621 3205 767 3264 nonnulle
784 3207 964 3286 praemittit,
992 3209 1178 3284 Ungarorum
1194 3217 1281 3286 gesta

185 3308 254 3348 cum
267 3293 341 3368 ipsis
352 3290 433 3349 bella
445 3301 513 3370 post
529 3301 823 3353 commemoraturus.
856 3293 919 3350 illic
931 3289 1016 3366 vide,
1036 3293 1063 3350 si
1078 3291 1203 3352 fortasse
1215 3293 1281 3352 ulla

183 3375 239 3432 tibi
252 3374 356 3435 lubido
370 3387 416 3436 est
428 3374 626 3455 cognoscendi
641 3374 764 3456 bipedes
778 3378 996 3456 nequissimos,
1016 3374 1171 3453 homiues,
1192 3388 1227 3436 ut
1237 3381 1280 3437 ita

184 3457 300 3536 dIcem,
320 3481 382 3520 non
401 3459 553 3536 homines,
577 3471 628 3520 sut
650 3463 749 3540 potius
771 3480 883 3539 magna
905 3472 990 3540 parta
1010 3460 1144 3537 belluas,
1166 3465 1280 3522 sisere

183 3555 253 3602 sunt
266 3564 343 3625 quae
356 3544 393 3604 de
407 3549 445 3606 iis
455 3547 546 3625 vulgo
559 3545 717 3605 truduntur
730 3545 767 3604 sb
782 3547 843 3606 illis
858 3547 911 3627 qui
922 3557 974 3605 aut
986 3549 1046 3627 ipsi
1058 3559 1181 3626 gentem
1192 3546 1280 3606 ride·

183 3640 267 3706 urat,
290 3641 342 3688 aut
356 3650 374 3688 e
386 3629 445 3690 fide
461 3630 560 3712 dignis
575 3651 610 3690 ea
627 3649 703 3710 quae
718 3631 852 3690 referunt
867 3650 1018 3711 accepere.
1060 3635 1184 3692 Dones.

267 3713 310 3774 ib.
326 3734 356 3774 r.
372 3719 423 3780 12.
466 3709 590 3796 Eoique]
602 3711 718 3797 Ἕβρον
736 3715 900 3795 legendum
918 3729 971 3776 aut
987 3718 1089 3776 saltim
1105 3718 1279 3795 intelligen-

182 3795 255 3856 dum
269 3797 389 3858 videbar
403 3802 584 3861 amicissimo
599 3812 701 3860 nostre
715 3801 872 3866 Scriverio.
916 3813 946 3861 et
961 3805 1003 3861 sic
1018 3802 1176 3881 aliquoties
1188 3803 1279 3878 inira,

182 3893 212 3940 et
232 3881 312 3962 apud
329 3887 476 3945 Nicetam.
519 3885 629 3945 adhibe
646 3887 762 3947 tabulae
781 3889 996 3963 Ptolemaicas,
1017 3889 1190 3946 Mercatoria
1204 3889 1279 3946 item

179 3977 270 4047 etque
296 3971 401 4030 Ortelii
428 3974 750 4052 praestantissimouun
779 3970 1021 4052 geographorum
1044 3971 1278 4033 lucubrationes.

178 4054 302 4112 Duces.
336 4065 341 4094 ¹

263 4158 294 4217 p·
309 4140 351 4202 60
364 4158 393 4198 v.
409 4145 440 4204 2.
484 4137 571 4204 atet
592 4144 648 4220 τῆς
670 4137 815 4222 τραπέζης
838 4138 968 4218 dignitas
989 4141 1022 4197 in
1039 4141 1276 4219 Byzantinorum

178 4224 392 4301 imperatorum
406 4225 475 4283 aula
488 4244 549 4284 nou
563 4236 713 4304 postremo
724 4227 790 4284 loco
801 4223 904 4283 habita
916 4234 977 4299 est,
999 4235 1033 4283 ut
1045 4225 1128 4305 apud
1139 4227 1275 4306 curopa-

177 4307 270 4366 latem
282 4309 420 4386 legimus.
450 4307 640 4370 Witicltiudo
655 4321 701 4370 est
715 4331 834 4370 mensae
845 4313 1042 4382 mabsam,
1063 4311 1130 4371 aliis
1141 4311 1271 4392 dapifer.
