3100 4850
270 329 344 403 284
560 330 843 399 cousrsurml
866 328 1066 397 ususssls

372 504 423 566 καὶ
436 504 602 589 πορφυρίδι
615 502 672 586 μίν
686 500 779 579 αὐτὸς
791 511 948 584 κοσμεῖται
960 498 1176 590 χρυσοπάστῳ,

373 602 389 669 ὃ
403 608 473 693 πρὶν
486 606 519 671 δὲ
534 601 656 693 νρότωρ
672 604 804 689 Μιχαὴλ
816 608 926 690 Ιγίνεται
941 603 1149 693 μελαμφόρος,

372 706 466 773 ἴνεσιν
478 706 511 787 ‘ig
527 707 710 795 γευσάμενος
722 716 778 774 sori
790 691 946 792 βαοιλείοο
961 706 1100 795 κράτους.

230 827 255 880 D
374 812 452 877 ἀλλά
465 812 523 899 γὰρ
536 810 740 895 ἐκλαθόμενος
755 810 852 878 abaco
864 839 896 878 τε
909 815 1027 877 καὶτοῦ
1041 810 1143 899 γήρως

270 918 353 982 6680
372 912 389 981 ὃ
405 916 500 1001 γέρων
514 912 531 979 ὃ
546 916 726 1001 παλαιγενὴς
743 907 832 993 οὗτος
849 913 1059 1003 δΝικ-ηφόρος

371 1025 409 1105 τῇ
423 1026 537 1106 γαμετῇ
550 1026 606 1085 τοῦ
616 1019 748 1103 Μιχαὴλ
761 1016 915 1105 ζιόγνυται
928 1016 1014 1108 νόμῳ
1026 1016 1138 1104 γόμου,

371 1124 422 1187 καὶ
436 1130 532 1187 ταῦτα
544 1124 639 1210 χίρων
651 1129 805 1213 τρυφερᾷ,
830 1124 980 1206 πίμπελος
991 1119 1152 1207 νεαζοόσῃ·

374 1224 466 1290 αάτάν
480 1228 513 1291 δὲ
525 1223 733 1313 βαρυνόμενον
749 1229 800 1291 καί
821 1230 1104 1310 δυσανασχετοῦντα

373 1334 428 1411 τῆς
441 1328 588 1417 Ἐφεσίων
602 1326 718 1407 πόλεως
732 1331 860 1412 ποιμένα
874 1328 1062 1397 καθιστάνει.

272 1431 358 1499 6686
375 1429 520 1513 καμάτων
532 1432 563 1496 δ’
584 1428 768 1515 ἀπεχόμενος
785 1440 846 1498 τῶν
860 1433 939 1499 κατά
954 1435 1026 1511 τοὺς
1041 1431 1190 1514 πολέμους

373 1531 507 1619 ἐκάθητο
516 1542 730 1623 χρυσοφορεῖν,
755 1533 962 1621 κοσμοόμενος
974 1538 1102 1625 ἀμφίοις

374 1636 497 1713 ἀκτῖνας
511 1637 717 1724 ἀπαυγάζουοι
731 1637 938 1728 πυρράζοντος
949 1643 1089 1728 χρυσίου,
1520 1679 1521 1712 ι

375 1746 514 1827 λουτροίς
529 1744 580 1807 καὶ
593 1739 696 1819 πότοις
709 1745 759 1807 καὶ
772 1726 904 1832 τρυφαῖς
919 1745 1064 1826 εάδαῖμον
1074 1748 1171 1828 γῆρας
1185 1738 1316 1823 βόσκων,
1520 1715 1521 1794 l

372 1840 594 1930 χρυσόπτερος,
621 1844 658 1911 ἀν
674 1846 751 1911 είποι
764 1872 827 1927 τις,
853 1846 962 1925 κότινος
973 1848 1172 1933 ἀγαλματίας,

172 1958 195 2009 Ρ
210 1955 260 2011 186
275 1952 360 2014 6690
377 1944 466 2012 ὁπότε
480 1944 577 2013 δόνειν
593 1946 696 2031 ίμτλλε
711 1954 762 2013 καὶ
778 1948 967 2038 κρύπτεσθαι
981 1958 1026 2039 τῷ
1039 1949 1140 2037 τάφῳ,
1520 1925 1521 1970 l

373 2049 540 2137 ἀρχόμενος
555 2048 724 2134 ἡδύνεσθαι
741 2052 981 2140 κεάφραίνεσθαι
994 2060 1039 2141 ’τῷ
1050 2056 1087 2135 fii
1109 2101 1120 2133 ,

374 2156 518 2241 τριγέρων
532 2151 718 2237 inultum,
745 2155 910 2233 σπάταλος,
934 2158 1112 2243 τρυφητίας.

375 2261 426 2323 καί
446 2258 484 2323 τά
495 2260 552 2340 μὲν
568 2258 733 2345 πράγματα
748 2262 855 2346 χερσίν
866 2261 1020 2325 ἐπίστευεν
1034 2257 1208 2344 ἀνθρώπων

373 2360 623 2448 βαρβαριζόντων
640 2361 695 2445 τὴν
710 2362 816 2448 φωνὴν
833 2363 910 2446 μηδ’
930 2362 1251 2450 ἀρθορρημονοόντων,

272 2461 357 2529 6695
377 2471 515 2552 κρατῆρα
531 2465 716 2550 πανημίριον
731 2466 881 2532 ίστιίντων
893 2470 944 2531 καί
959 2466 1114 2548 πινόντων,

373 2563 420 2644 οἷς
433 2559 470 2651 ἦν
483 2567 517 2630 τδ
530 2569 615 2652 γένος
626 2570 796 2654 τρίδουλον,
818 2573 869 2633 καλ
881 2569 999 2635 πάπποι
1014 2574 1064 2635 καί
1079 2569 1206 2656 πατέρες

373 2669 577 2758 τριβόρβαροι
583 2719 594 2750 ,
620 2675 670 2736 καί
686 2672 740 2755 τὴν
754 2673 859 2756 ψυχὴν
872 2672 1027 2761 βάρβαροι
1043 2676 1094 2739 καὶ
1108 2672 1164 2756 τὴν
1178 2669 1307 2757 γνώμην,

370 2777 421 2840 καί
434 2773 691 2859 σκοθογλοίσσους
706 2775 814 2852 λαλιάς
829 2776 1034 2863 δυσφράστως
1047 2781 1255 2861 λαλαχοῦντες,

342 2941 369 2976 v.
384 2923 453 2976 6678
471 2937 512 2986 om
531 2919 557 2973 R
673 2920 743 2974 6679
756 2916 860 2988 νήρονς
875 2918 927 2974 ΑΜ
1045 2919 1113 2976 6686
1129 2915 1317 2986 ἀποσχόμενος
1330 2918 1369 2984 Μ,

340 2985 531 3114 &minimos
542 2989 611 3114 3698
622 2989 893 3128 δυσχρὲφΐτθᾶςοφέί
1001 2989 1070 3046 6695
1086 2987 1210 3058 νριίτορα
1227 2998 1256 3041 et
1269 2983 1370 3040 ίτθόν-

274 3185 430 3246 cremetur,
447 3177 593 3232 Michaelus
608 3184 711 3264 sutem2
729 3197 782 3232 non
795 3179 834 3233 its
850 3179 952 3250 pridem
968 3177 1126 3248 impertior,
1145 3177 1174 3229 in
1185 3174 1371 3258 monasterium

274 3251 396 3302 sistrum
417 3249 517 3300 vestitu
539 3247 615 3316 nigro
636 3249 769 3316 induntur,
800 3265 857 3302 cum
880 3249 907 3301 ei
929 3265 978 3303 sex
997 3249 1074 3302 aunis
1094 3245 1205 3316 irnperio
1224 3245 1299 3314 regio
1315 3245 1371 3296 irus

273 3317 438 3386 contigisset.
473 3319 520 3370 sed
537 3317 606 3370 enim
623 3317 775 3372 Bntanistes
791 3316 835 3371 ille
851 3317 931 3371 multo
943 3317 1018 3371 senio
1035 3317 1134 3386 grecis,
1151 3334 1204 3369 non
1216 3316 1259 3368 sui
1271 3321 1372 3368 tantum

273 3403 364 3439 verum
385 3387 461 3440 etiam
485 3395 629 3456 provectae
646 3388 741 3440 aetatis
760 3385 874 3454 oblitus,
900 3387 1076 3441 antecessoris
1091 3385 1217 3440 lllicbseli
1234 3384 1372 3451 contingen

272 3455 388 3524 legitimo
406 3457 459 3510 sibi
476 3455 639 3509 matrimonio
655 3457 772 3527 copulat,
798 3475 880 3510 senex
895 3457 1028 3510 mulierem
1048 3464 1165 3509 tenerem
1185 3463 1213 3508 et
1224 3453 1373 3519 delicatam,

272 3525 402 3594 capularis
424 3535 452 3578 et
474 3525 563 3578 funeri
586 3525 731 3580 destinatus
750 3535 870 3594 vegetam
887 3536 967 3597 atque
981 3527 1114 3579 iuvenem.
1149 3541 1259 3593 mrnqus
1274 3530 1372 3575 sortem

273 3612 346 3648 suem
363 3611 443 3662 aegre
460 3593 621 3664 molesteque
638 3597 723 3650 ferret
738 3613 769 3648 sc
784 3595 935 3666 deploraret
947 3595 1106 3663 Michaelus,
1129 3593 1283 3664 presinss
1298 3590 1373 3642 urbis

272 3672 366 3734 pastor
383 3665 416 3716 ab
435 3664 594 3733 imperatore
609 3665 767 3719 constitutus
788 3676 840 3718 est.
874 3667 1016 3720 secundum
1033 3664 1098 3718 boec
1111 3664 1279 3734 Nicephorius
1291 3661 1373 3712 omis-

273 3733 311 3787 sis
326 3733 461 3788 laboribus
477 3732 578 3787 bellicis
596 3751 660 3788 auro
676 3735 766 3804 grands
786 3737 911 3802 redebet,
936 3742 1044 3789 ornatus
1059 3734 1223 3787 vestimentie
1240 3749 1309 3801 quse
1322 3745 1371 3781 su-

272 3821 333 3857 reos
351 3804 428 3874 quasi
445 3803 570 3872 quosdam
584 3804 775 3874 mutilanteeque
786 3804 877 3858 redies
891 3807 926 3858 de
943 3822 973 3858 se
985 3807 1160 3874 spargebant,
1182 3802 1286 3856 felicem
1306 3801 1371 3850 lm-

272 3883 378 3943 tamque
401 3881 533 3926 senectam
554 3872 666 3926 lavacris
688 3882 716 3926 et
733 3872 864 3926 conviviis
880 3883 908 3928 et
920 3873 1099 3944 voluptatibus
1116 3875 1221 3927 fovens.
1255 3887 1306 3924 non
1321 3867 1373 3919 abs

273 3943 376 4012 requie
391 3941 490 3995 dixerit
505 3959 563 3996 eoru
578 3942 661 3995 luisse
674 3941 834 3996 consimilem
847 3961 934 4013 cygno
947 3942 996 3997 alis
1014 3943 1102 3998 eureis
1118 3949 1244 3997 exornsto
1263 3946 1292 3992 et
1303 3937 1374 3989 alia·

272 4015 320 4064 bre
334 4012 432 4081 pictum
445 4012 591 4078 referenti,
610 4011 656 4080 qui
671 4012 723 4064 iam
738 4012 879 4066 moriturus
898 4023 928 4067 et
944 4015 1093 4067 obruendos
1110 4011 1230 4082 sepulcro
1247 4005 1374 4062 bilaritsti

274 4099 333 4133 sese
347 4083 401 4148 det,
419 4081 491 4135 vitae
508 4082 597 4136 studio
614 4089 729 4134 tenetur.
765 4082 865 4152 quippe
877 4082 984 4136 senecio
996 4081 1126 4135 delicatae
1142 4083 1214 4135 vitse
1229 4084 1312 4132 semet
1323 4075 1375 4128 stl-

274 4148 388 4216 dicebnt,
406 4150 477 4204 luxui
491 4151 597 4204 delitus
614 4166 645 4202 ac
658 4151 736 4234 olene
749 4149 923 4220 voluptarius.
958 4152 1063 4205 interim
1077 4144 1239 4222 publicorum
1251 4145 1376 4216 negotio·

276 4233 332 4269 rum
349 4220 559 4288 procurationem
581 4222 760 4274 committebat
782 4221 931 4275 bominibus
953 4220 1059 4290 linguas
1079 4223 1207 4281 barbaras
1222 4215 1374 4287 usurpanti·

277 4287 340 4352 bus,
364 4297 436 4340 reete
453 4289 525 4358 loqui
545 4289 737 4356 nescientibus,
760 4296 831 4343 totos
845 4290 902 4343 dies
919 4291 948 4342 in
967 4291 1074 4374 crepula
1092 4299 1121 4344 et
1136 4289 1267 4344 ebrietate
1282 4296 1376 4340 conte-

278 4354 414 4418 rentibus;
438 4375 547 4428 quorum
564 4367 593 4413 et
611 4359 726 4414 semilise
741 4370 770 4412 et
791 4369 915 4430 paremss
933 4366 963 4414 et
978 4377 1023 4414 sss
1041 4360 1151 4416 maxime
1165 4357 1278 4414 serviles
1290 4365 1377 4425 ment,
