3100 4850
502 355 809 425 aeltorootralu
831 357 985 429 NOTAE.
1211 358 1287 431 243

184 540 239 583 cua
259 518 410 601 legatione
431 520 565 600 asperius
581 520 719 581 functum
730 521 843 597 fuine,
865 521 1002 607 adeoque
1017 542 1118 608 neque
1131 522 1212 606 apud
1225 528 1286 585 im·

183 617 353 687 paraturam
379 625 478 685 neque
508 602 590 683 apud
615 607 745 667 Graecos
772 605 891 688 aliquid
913 611 1079 689 profecisse
1095 610 1187 672 tradit
1204 610 1287 671 idem

183 690 364 773 spondanus
378 709 457 749 anno
474 692 555 755 1218
569 690 719 757 num-24·
760 692 840 752 An..

268 830 300 891 p.
315 814 357 875 82
371 828 402 867 r.
417 812 448 873 7.
491 804 713 890 ἒρυθροβαφῆ]
734 828 776 868 ex
796 829 896 869 rerum
907 810 1084 872 Latinarum
1098 812 1285 894 ignoratione

183 896 298 954 lactum
316 904 361 953 est
382 902 415 951 ut
435 894 624 973 Acropolita,
647 890 730 977 quod
749 914 791 954 ex
806 915 891 955 more
911 896 994 955 illiue
1015 901 1115 976 gentle
1129 909 1224 978 cacat,
1245 900 1287 962 ad

182 982 296 1040 fastum
319 990 349 1039 et
375 978 570 1037 insolentiam
592 976 734 1039 traheret.
778 982 846 1060 quie
868 983 951 1040 enirn
968 984 1065 1041 nescit
1084 982 1174 1043 rubra
1194 984 1287 1045 indu-

182 1075 285 1125 menta
314 1072 345 1123 et
373 1064 489 1144 rehqua
514 1062 711 1123 cardinalium
734 1066 931 1145 supellectilia
956 1066 1046 1125 rubro
1069 1068 1169 1126 colore
1191 1071 1285 1131 inlici.

183 1170 245 1209 non
261 1160 364 1207 tamen
382 1146 453 1207 inde
475 1151 627 1228 sequitur,
649 1152 822 1232 quicunqne
839 1148 922 1231 apud
937 1168 1005 1209 eam
1018 1152 1174 1211 nationem
1186 1155 1285 1217 rubria

183 1244 308 1293 uantur
330 1235 479 1309 vestibus,
503 1230 669 1294 cardinales
688 1254 770 1311 ecee,
792 1244 827 1295 nt
841 1236 1041 1315 nugacieeime
1054 1244 1208 1315 argutatur
1220 1242 1286 1299 Za·

184 1316 300 1378 charius
323 1320 477 1399 Gergenus
496 1318 529 1377 in
550 1338 605 1378 aua
626 1317 798 1397 catechesi,
821 1323 963 1404 quicum
980 1319 1105 1381 vidisset
1121 1340 1233 1401 papam
1250 1324 1285 1383 in

184 1402 256 1463 sede
276 1401 386 1462 desani
405 1404 441 1461 ab
462 1401 636 1463 hominibus
652 1404 749 1464 rubrIa
766 1406 882 1466 amictis
895 1406 1044 1483 reatibus,
1063 1406 1285 1467 inconsiderate

185 1500 215 1549 et
234 1490 324 1569 plane
341 1486 466 1547 ridicule
478 1490 769 1568 enuntiavitpopam
781 1492 985 1551 cardinalium
999 1502 1141 1572 quatiatur
1152 1492 1286 1552 hemuza

184 1574 310 1634 subvehi
330 1574 472 1633 retemta
493 1577 651 1653 cuparum,
672 1572 727 1641 cdv
744 1570 927 1658 βαστάζονσι
939 1574 1081 1663 τέσσαρες
1094 1576 1288 1663 καρδινᾶλειρ

184 1657 222 1741 μὲ
243 1654 444 1743 δορυφόρους.
485 1662 563 1718 Anu·

269 1775 311 1835 ib.
328 1798 358 1837 v.
376 1776 427 1841 15.
469 1772 523 1841 cdv
534 1770 641 1839 actm
652 1778 774 1856 ccciccc
786 1771 942 1858 ἀρχιερέα]
962 1797 1073 1860 nempe
1086 1779 1149 1839 iam
1158 1777 1232 1840 olim
1243 1775 1285 1843 de

184 1865 315 1943 primatu
333 1863 482 1922 contentio
498 1862 557 1921 fuit
572 1863 653 1919 inter
668 1860 839 1921 Romanum
854 1863 1027 1941 pontificem
1037 1875 1069 1924 et
1081 1863 1283 1943 patriarcham

185 1950 393 2029 cpolitanum3
415 1966 507 2027 quam
519 1944 630 2005 decidit
642 1948 825 2005 lastinianus
841 1958 872 2005 et
884 1949 998 2008 Romae
1012 1950 1131 2028 Gpolim
1143 1950 1282 2009 subiecit.

183 2044 268 2113 patet
280 2051 320 2091 ex
333 2032 460 2091 Novella
474 2030 546 2095 131.
577 2031 651 2089 fecit
665 2027 748 2089 idern
761 2028 878 2091 Phocea
891 2044 1015 2111 rogante
1031 2035 1186 2093 Bonifacio
1199 2037 1284 2093 Pon·

184 2118 280 2193 tilice3
306 2114 344 2176 de
368 2134 428 2199 quo
453 2116 566 2176 Paulus
590 2113 803 2175 Warneiiidua
825 2114 864 2175 de
888 2118 970 2175 Geet.
991 2117 1181 2198 Langobard.
1192 2117 1284 2181 lib-4

185 2224 252 2283 cap.
265 2206 317 2267 87.
361 2205 574 2283 Romanusque
593 2200 733 2281 pontifex
752 2218 874 2279 semper
889 2203 1054 2279 primatum
1066 2222 1199 2263 merere
1216 2213 1284 2262 etu-

186 2286 269 2363 duit‚
291 2288 472 2347 reclamante
492 2287 564 2345 licet
580 2296 611 2345 et
626 2286 757 2343 multum
774 2295 960 2364 repugnante
978 2285 1163 2366 patriarcha,
1185 2286 1283 2347 donec

185 2373 241 2434 auh
263 2371 412 2434 Balduinc
432 2368 562 2432 Flandrc
583 2380 669 2451 capta
689 2370 763 2431 urbe
779 2371 944 2452 fugatoque
963 2370 1132 2453 patriarcha
1155 2372 1282 2451 Graeco,

184 2461 359 2541 venetoque
373 2455 494 2518 Thema
505 2459 685 2516 Mauroceno
706 2456 818 2538 (primo
832 2476 873 2516 ex
885 2459 1000 2518 Latinis
1012 2457 1196 2540 patriarche)
1218 2459 1286 2520 ele-

185 2554 251 2620 cto,
280 2543 442 2603 orientalis
461 2542 598 2613 coclearia,
619 2544 704 2600 cuiue
722 2541 796 2600 olim
810 2542 980 2621 metropoli}
994 2555 1060 2604 erut
1076 2544 1192 2624 epota,
1211 2563 1284 2606 curn

185 2631 363 2708 isuperatcre
380 2640 408 2687 et
422 2631 558 2688 urticat-co
576 2630 699 2706 deperio
717 2629 781 2686 eiua
801 2630 897 2707 copiti
913 2649 968 2687 arao
980 2629 1121 2690 Romam
1128 2630 1284 2709 pontzficr‘,

185 2718 263 2772 aicut
271 2715 342 2794 suit
355 2716 523 2793 aou'quc'tua
535 2711 679 2772 renudato
679 2755 693 2784 ,
714 2713 873 2772 Romanae
885 2713 1026 2773 eccleciae
1038 2735 1100 2773 aeae
1111 2715 1284 2788 eeeefiliam

185 2809 415 2877 recognosceret;
436 2801 500 2875 a'pae
519 2801 610 2856 etrum
625 2797 806 2876 patriarcha
823 2798 896 2856 duae
915 2801 1057 2876 orphum
1075 2800 1159 2874 operi
1175 2807 1206 2853 et
1221 2818 1283 2874 cp-

180 2882 347 2962 ploudena,
368 2901 400 2940 ae
419 2881 577 2960 dignitatis
592 2883 810 2958 auaa'palluem
823 2902 844 2939 a
858 2898 973 2938 cumnec
987 2881 1129 2938 Romano
1137 2881 1285 2959 pecctore

185 2976 371 3044 recepturum
389 2968 584 3042 promitteret.
629 2966 721 3024 rerba
753 2974 824 3022 aunt
852 2964 975 3022 Hem-ici
1002 2963 1074 3045 (qui
1093 2966 1216 3045 Meyerc
1236 2975 1283 3027 eat

185 3050 295 3130 Hugo)
318 3051 434 3108 comitia
448 3047 485 3107 de
499 3049 608 3108 Sancto
620 3049 730 3123 Paulo,
753 3066 794 3108 ex
807 3048 933 3126 epistola
942 3050 1051 3130 scripte
1064 3050 1166 3129 cpoli,
1188 3070 1283 3132 quana

186 3135 343 3196 annalibus
363 3137 425 3196 auia
445 3134 549 3194 inserit
574 3130 755 3193 Godefridua
773 3131 960 3208 monachum
990 3136 1045 3216 qui
1067 3145 1151 3194 extat
1168 3138 1283 3196 Benna

187 3223 432 3282 Germanicarum
450 3229 532 3278 tomo
553 3215 734 3278 Freherieno
754 3217 862 3296 primo.
912 3215 990 3278 haec
1009 3218 1181 3280 acciderunt
1200 3239 1281 3280 anno

190 3311 282 3374 1208.
324 3304 377 3366 aed
392 3307 508 3378 atatim,
528 3312 563 3362 ut
576 3299 713 3378 videtur,
736 3300 866 3362 dissiluit
874 3301 951 3362 haec
964 3303 1137 3382 concordia,
1156 3305 1282 3384 iugum-

187 3409 247 3472 que
273 3390 459 3453 0rcidentale
479 3388 678 3448 denectarunt
696 3389 872 3448 Orientalea.
914 3407 975 3470 quc
996 3392 1119 3448 nomine
1142 3387 1219 3449 haec
1242 3387 1283 3449 ad

187 3478 269 3557 ipeoe
289 3495 307 3536 a
325 3477 465 3556 pontifice
483 3477 618 3534 Romano
636 3471 755 3533 videtur
770 3475 908 3532 instituta
924 3475 1052 3553 legatio,
1075 3472 1113 3533 de
1129 3494 1189 3556 qua
1202 3477 1281 3534 inei-
1302 3488 1306 3494 ’

187 3564 256 3640 gnie
271 3560 457 3640 Logothetae
471 3559 567 3620 hena.
608 3556 662 3618 ced
682 3559 825 3636 Pelagine
839 3559 957 3637 legatae
970 3557 1070 3619 enrdie
1084 3563 1207 3635 cecinit,
1230 3560 1282 3618 fa·

186 3657 275 3706 vente
291 3648 456 3725 cpolitauie
467 3648 646 3725 imperatore
661 3645 791 3702 Henrico
804 3642 947 3702 Balduini
960 3645 1063 3704 fratre.
1105 3663 1281 3726 quanquam

187 3751 266 3791 anno
284 3731 379 3807 1216,
399 3741 534 3809 tempore
551 3729 677 3788 Concilii
689 3731 836 3803 Romani,
862 3729 1026 3788 Orieuwlis
1042 3729 1178 3799 actua,
1200 3729 1285 3806 quod

186 3829 277 3876 antea
297 3817 469 3875 inundalum
480 3816 564 3895 suit,
585 3835 616 3872 ae
635 3813 789 3872 ceodrum
804 3815 965 3872 Romame
983 3814 1122 3873 cocleam
1132 3811 1277 3872 exhibuit.

187 3923 260 3960 nam
286 3901 374 3982 cpoli
395 3901 455 3960 dno
479 3902 512 3958 iu
526 3899 846 3980 peccatricum-electi
867 3900 1000 3957 Romam
1022 3908 1180 3967 mmm,
1207 3917 1283 3975 quoe

187 3979 292 4045 umber
303 4007 392 4066 papa
409 3984 532 4045 coneilio
551 3984 755 4044 cardinalium
778 3983 927 4061 depomit,
948 3993 979 4040 et
994 3985 1113 4040 tertium
1127 3980 1282 4040 morcant

188 4082 217 4129 et
225 4073 376 4130 investivit
389 4081 418 4129 et
428 4071 473 4130 ad
480 4070 578 4130 eedem
585 4071 743 4148 proprisam
754 4070 877 4128 ranucii.
920 4068 1012 4127 refert
1023 4066 1105 4126 idem
1115 4063 1283 4126 monachus

187 4159 220 4215 in
234 4157 412 4216 Annalibus.
453 4157 577 4216 Donet.

273 4258 314 4318 ib,
358 4249 469 4321 rodaco
496 4252 555 4337 τήν
582 4249 707 4337 μνήμην
731 4253 765 4318 ἒν
792 4250 1014 4329 ϊεροτελεστίαις
1030 4248 1197 4332 ἐπιφωνεῖν]
1224 4249 1283 4310 hac

190 4342 228 4405 de
256 4363 306 4422 re,
336 4361 446 4423 nempe
474 4353 508 4402 nt
528 4344 561 4400 in
586 4343 678 4400 sacris
703 4336 875 4419 hymnodiie
901 4338 1083 4396 Graecorum
1104 4355 1202 4418 papae
1220 4339 1283 4397 ltc-
