3100 4850
271 330 341 401 198
459 329 638 398 GEORGlI
662 330 955 398 aenononmn
978 331 1175 397 ANNALES.

268 490 429 590 καθέδραν
440 508 485 591 τῷ
504 502 645 587 ἀρχιερεῖ.
694 505 744 567 καλ
765 499 970 589 συνήθροιστο
985 502 1063 585 μετὰ
1081 509 1136 567 τοῦ
1148 502 1299 586 βασιλέως
1314 504 1365 567 καί

267 616 329 673 τῶν
344 608 376 671 έν
390 606 467 671 τέλει
481 602 591 681 πάντες
605 606 656 669 καλ
672 612 733 670 τῶν
748 604 905 692 ἀρχόντων
916 606 945 670 oi
958 603 1114 692 πρόκριτοι
1125 607 1177 671 καὶ
1191 612 1276 670 πάσα
1288 611 1366 689 πλη-

266 708 338 787 θός.
389 706 406 774 ὁ
430 708 574 791 βασιλεδς
596 710 630 773 δέ
655 715 710 791 τῆς
731 708 835 795 χειρός
858 714 914 773 τοῦ
936 708 1126 796 πατριάρχου
1151 707 1367 791 έπιλαβόμενος

230 812 286 881 B“
296 810 393 898 έχεις”
417 814 492 899 φησὶ
507 808 591 875 “riv
605 808 721 898 θρόνον
734 835 802 891 σου,
821 812 963 892 δέσποτα,
983 815 1034 876 καὶ
1050 803 1087 876 οὗ
1104 812 1185 889 τινδς
1200 814 1233 877 ix
1246 817 1369 899 μακροῦ

269 918 437 1003 ίστίρησαι.
487 916 552 979 νννλ
577 920 632 997 τῆς
656 916 814 1002 καθέδρας
839 914 1007 980 άπάλααε.”
1060 918 1112 980 καὶ
1135 913 1216 981 οὕτω
1235 916 1292 998 μέν
1316 916 1393 980 ruiti

270 1022 377 1108 έπλτηῑ
392 1015 564 1103 πατριάρχη
581 1018 620 1082 τὰ
636 1024 691 1083 τοῦ
704 1018 856 1102 βασιλέως
871 1020 992 1101 ξυνέβη.

375 1120 434 1191 89.
481 1120 614 1206 Ἐγένετο
637 1122 670 1187 δέ
692 1120 761 1187 τότε
786 1122 840 1186 καί
859 1148 887 1187 τι
906 1126 1060 1199 τοιοῦτον,
1087 1117 1164 1204 iimo}
1178 1122 1370 1204 παραδοῦναι

271 1230 377 1313 γραφῇ
391 1230 452 1289 τῶν
470 1224 506 1287 ori
524 1221 651 1299 δεόντων
667 1221 860 1309 έλογισάμην.
910 1220 999 1309 λόγον
1021 1225 1069 1287 int
1083 1229 1124 1310 τῇ
1139 1222 1302 1311 άναρρόσει
1317 1229 1371 1306 τῆς

271 1328 504 1395 Κωνσταντίνοο
521 1326 770 1413 σονεγραψάμην.
823 1329 873 1392 καλ
888 1320 905 1391 ό
918 1326 1032 1403 σκοπός
1046 1323 1205 1412 τοῦλόγου
1221 1326 1301 1391 κατά
1317 1325 1373 1401 τὰς

274 1431 373 1519 άρχδς
386 1430 561 1515 εὐχαριστία
580 1422 619 1511 ἧν
638 1430 715 1517 πρὸς
732 1428 807 1495 θεὸν
821 1436 876 1513 τῆς
892 1430 969 1516 πρός
980 1425 1150 1511 Ῥωμαίους
1165 1426 1275 1494 τοότοα
1295 1428 1371 1514 ἄγα·
1380 1438 1415 1491 10

273 1518 425 1621 θονργίας
438 1537 489 1596 καὶ
508 1538 562 1615 τῆς
578 1532 785 1619 εὔσπλάγχνου
802 1535 982 1616 κηδεμονίας
1000 1534 1051 1597 καὶ
1067 1529 1272 1615 ἀντιλήψεως,
1299 1557 1374 1596 σαν-

235 1654 261 1709 c
278 1634 491 1723 ανεκεράννατο
514 1636 548 1699 δὲ
568 1641 612 1723 τῷ
632 1634 712 1725 λόγῳ
735 1638 787 1701 καὶ
804 1635 939 1722 εὖφημιά
953 1635 1029 1723 πρδς
1043 1634 1096 1699 τὸν
1109 1636 1238 1718 βασιλέα
1251 1635 1375 1721 εὔχαρι-

275 1738 408 1827 στη’ριος.
459 1734 479 1821 ἡ
496 1738 529 1803 δὲ
544 1738 591 1802 ini
609 1741 684 1805 τέλει
700 1745 755 1804 τοῦ
771 1734 861 1824 λόγου
879 1740 1003 1817 ἀξίωσις
1018 1744 1315 1824 συναναγορεοθῆναι
1331 1742 1377 1825 τῷ

275 1847 400 1927 βασιλεῖ
410 1844 461 1907 καλ
477 1844 568 1927 πατρὶ
585 1842 637 1908 τὸν
651 1843 802 1926 βασιλέως
816 1848 990 1928 πρωτογενῆ
1004 1843 1119 1921 παῖδα,
1148 1841 1200 1906 τδν
1216 1840 1376 1923 Κομνηνδν

271 1942 471 2033 Ἀνδρόνικον.
522 1951 611 2011 τοῦτο
635 1944 785 2011 ἐλάνθανε
810 1946 883 2024 τοδς
908 1942 1056 2022 πολλοός,
1091 1946 1142 2009 καλ
1164 1941 1299 2026 μάλιστα
1315 1948 1376 2008 τῶν
1385 1950 1419 2006 15

278 2052 311 2116 έν
325 2050 419 2128 τέλει,
454 2044 501 2125 οίς
525 2052 575 2113 καλ
598 2049 634 2113 οὗ
658 2048 736 2114 κατδ
759 2046 882 2133 γνώμην
899 2046 1015 2134 όπῆρχε
1032 2047 1066 2111 τὸ
1085 2054 1222 2133 πρᾶγμα.
1272 2047 1302 2111 oi
1322 2047 1378 2129 μέν

278 2150 461 2237 προόχοντες
481 2157 542 2215 τῶν
564 2150 717 2239 ἡμετέρων
723 2201 734 2231 ,
767 2148 832 2217 ὅτε
851 2149 999 2234 δεσπότης
1016 2148 1157 2235 Ἰωάννης
1174 2148 1190 2214 ό
1210 2156 1266 2215 rori
1284 2156 1378 2234 βασι-

279 2258 355 2331 λέως
371 2254 561 2340 αότάδελφος
577 2260 628 2320 καὶ
645 2252 661 2319 ό
676 2254 826 2340 πενθερός
841 2251 950 2319 τοότοα
967 2250 1251 2340 όσεβαστοκράτωρ
1266 2253 1380 2339 Τορνί-

281 2383 345 2435 νιος
362 2356 394 2444 (ό
411 2356 469 2444 γὰρ
483 2360 607 2446 Καῖσαρ
617 2356 906 2446 Στρατηγόιιοαλος,
929 2360 980 2423 καί
996 2359 1023 2421 εί
1038 2362 1139 2444 παρῆν
1154 2357 1187 2420 έν
1202 2366 1265 2434 τοῖς
1277 2352 1380 2421 rorori-

280 2486 355 2540 τοις,
375 2461 443 2525 οὐδ’
462 2459 540 2537 ὅλως
556 2459 613 2545 εἶχε
629 2465 696 2548 περὶ
711 2459 829 2527 τοότων
841 2461 1015 2548 φροντίδα),
1041 2461 1094 2526 τόν
1107 2459 1221 2526 σκοπὸν
1234 2460 1426 2545 ἀγνοοῦν-20

281 2589 331 2640 τες
346 2566 396 2629 καὶ
414 2563 469 2644 τὴν
485 2563 607 2639 ἀξίωσιν
622 2571 678 2629 τοῦ
693 2561 910 2650 προβλήματος
926 2562 1102 2648 ἠνάγκασαν
1118 2563 1313 2647 τὸνβασιλέα
1327 2561 1379 2627 ἐπ’

282 2663 427 2754 ἀκροάσει
449 2666 590 2750 γενέσθαι
608 2673 664 2732 τοῦ
679 2663 781 2751 λόγου.
833 2663 900 2732 δδέ
913 2666 1059 2750 βασιλεδς
1073 2667 1296 2754 ἐδυσχέραινεν·
1320 2665 1381 2749 ἤδη

282 2769 341 2860 γάρ
357 2769 566 2855 μεσημβρινός
580 2770 637 2848 τάς
652 2769 776 2850 ἀκτῖνας
790 2765 806 2834 ό
822 2767 908 2853 ἥλιος
922 2769 1048 2853 ἔβαλλε,
1079 2772 1132 2834 καὶ
1152 2766 1240 2836 imo
1256 2769 1382 2858 ἀρίστου

284 2873 393 2962 παρῄει
404 2871 520 2960 καιρός.

284 3034 351 3088 dam.
386 3050 441 3086 oum
451 3033 607 3103 imperatore
619 3051 706 3087 omnes
716 3033 742 3086 in
755 3033 922 3103 dignitatibus
935 3031 1068 3086 conatitoti
1086 3037 1114 3086 et
1128 3031 1291 3104 paniciomro
1307 3048 1384 3102 prae·

285 3103 353 3174 uipni
363 3111 390 3154 at
401 3104 474 3172 plebs
486 3104 606 3155 universa
617 3111 770 3156 accurrerat.
806 3104 843 3156 ibi
860 3104 999 3174 imperator
1016 3118 1115 3156 manum
1128 3103 1290 3172 patriarchae
1300 3101 1386 3153 oonti-

286 3190 349 3230 neoa
364 3166 456 3225 “tene'’
472 3171 556 3240 inquit
570 3166 704 3224 “thronum
716 3183 802 3240 tunm,
823 3172 932 3235 domine,
950 3179 978 3224 et
989 3187 1005 3223 a
1015 3187 1067 3240 qna
1076 3171 1324 3237 muniuerunt,
1339 3185 1385 3224 aa·

286 3241 380 3296 thedra
392 3235 504 3294 fruere?
539 3240 577 3295 aio
588 3242 662 3294 etiam
674 3241 837 3311 patriarchae
847 3241 880 3293 ab
891 3240 1046 3310 imperatore
1056 3240 1195 3311 provisum.

358 3311 402 3364 89.
435 3311 477 3362 Ea
487 3317 639 3379 tempestate
651 3309 760 3377 accidit,
784 3309 852 3378 quod
870 3327 919 3362 non
935 3310 1042 3362 alienum
1062 3326 1079 3362 a
1097 3309 1244 3362 narratione
1262 3321 1387 3360 areauna

288 3378 443 3460 ducena-hio
459 3378 555 3449 scripto
567 3377 731 3462 contignabo.
753 3378 905 3463 'orationem
923 3378 957 3462 rie
973 3386 1078 3448 recepta
1094 3377 1169 3448 cpoli
1187 3391 1389 3460 compotorum·

288 3455 989 3586 tzittttiti'itintinnittttztzttt
998 3447 1391 3568 ‚tntttz'ztfittt‘tttn

291 3593 394 3655 praeter
404 3584 564 3653 imperatoria
575 3584 711 3655 praeconia
723 3585 756 3637 ad
767 3586 872 3637 eundem
884 3586 1022 3653 gratiarum
1039 3585 1122 3650 aoti03
1145 3582 1194 3638 rub
1207 3584 1278 3636 ealce
1294 3583 1392 3635 adhor-

290 3654 396 3708 tatiout
407 3653 565 3710 Andronicus
579 3655 723 3706 Comnenna
742 3653 837 3723 primur
854 3654 1013 3723 imperatoria
1029 3653 1097 3707 fiiina
1114 3669 1171 3706 oum
1190 3651 1223 3705 im
1257 3659 1345 3704 ratore
1362 3653 1391 3702 at

291 3731 366 3793 patra
378 3722 404 3774 in
414 3721 632 3776 administratione
643 3723 819 3776 advocaretur.
853 3724 902 3775 hoo
918 3721 1009 3774 mnitor
1019 3730 1047 3774 et
1056 3721 1214 3791 potiori-um
1242 3719 1391 3788 ignitatibua

291 3791 439 3862 praeditos,
456 3791 547 3860 quibua
558 3809 607 3844 non
619 3810 651 3845 ex
662 3791 788 3844 tentantia
799 3808 841 3843 rea
850 3791 1026 3859 auoceaaiaaat,
1042 3791 1168 3859 fugiebat.
1203 3797 1232 3842 at
1242 3807 1276 3842 ex
1285 3788 1391 3852 noatria,

293 3861 337 3928 qni
350 3860 444 3928 primaa
455 3861 617 3923 obtinebant,
638 3861 748 3913 loannes
766 3876 857 3927 nempe
868 3860 912 3913 dea
931 3866 974 3912 ota
984 3859 1146 3930 imperatoria
1156 3861 1254 3922 irater,
1277 3866 1305 3910 et
1316 3872 1393 3911 aooer

292 3927 359 3982 illino
370 3931 559 3984 aebanocrutor
569 3928 705 3982 'I'orniriua
724 3929 796 3996 (nam
808 3877 1127 3999 eamritmtegoputm,
1152 3927 1342 3992 lienteriam,
1358 3925 1393 3978 da

294 3995 335 4050 hia
346 3997 446 4050 omnino
458 3999 549 4052 nniiam
561 4013 647 4050 aarum
660 3997 851 4066 suscipiebat),
879 3997 1036 4067 propositum
1053 3998 1201 4066 ignoranter
1219 4002 1247 4049 at
1263 3993 1393 4066 postulata

201 4132 204 4140 ι
293 4066 469 4135 problemati,
500 4067 676 4136 imperatorem
693 4064 725 4116 ad
742 4067 882 4118 orationem
899 4066 1048 4120 audiendam
1067 4067 1220 4137 computare.
1253 4064 1394 4148 imperator

294 4135 496 4256 :pffigerabatr
518 4136 567 4192 iau
579 4135 643 4191 enim
654 4133 702 4190 rub
712 4135 818 4188 meridie
827 4136 890 4190 antia
900 4135 964 4189 radii
975 4135 1144 4207 ingruebant,
1167 4139 1195 4190 at
1207 4133 1310 4208 prandii
1329 4134 1393 4185 tora

699 4309 997 4333 *—
