3100 4850
264 260 338 380 νον
666 304 712 373 n
737 304 965 383 cnoncrun

264 468 507 555 ἐπονομαζομίνη
529 468 582 532 ναὶ
600 466 656 550 τήν
670 464 732 534 α’πδ
745 474 807 533 τοῖν
821 472 1045 553 Σθδαβοχινοῖυ
1059 466 1260 553 ίπισνρομίυη
1273 463 1361 547 τάξιν

265 556 378 644 μεγάλη
394 555 591 638 Πιρισθίάβα
603 552 793 635 πανταχόθεν
805 551 924 630 τούτοις
936 555 1134 659 φημιζομίνχ,
1173 559 1252 626 Aac.

351 660 382 723 p.
395 648 435 707 28
449 662 479 700 v.
494 644 524 704 8.
567 662 629 701 non
643 641 760 700 Ιίιαιιαο
774 639 830 701 sed
841 641 990 713 Ιῦαποιιο,
1008 635 1153 721 Ἰβαγαος,
1173 641 1254 719 apud
1268 643 1358 701 Nice-

266 742 330 790 tam
344 748 478 808 semper,
501 738 531 785 et
545 726 676 807 quodam
692 728 758 785 loco
772 721 903 806 Ἱβαγτιδς
914 722 1012 807 ὄνομα
1025 729 1115 807 τῷδε,
1136 728 1276 805 σημαίνει
1288 724 1361 805 δὲοὶ

267 816 344 891 ίίξις
362 811 413 876 τὸν
434 806 586 891 Ἰωάννην.
629 814 737 871 rectius
756 814 883 873 arbitror
897 811 1088 871 ltamusive
1103 812 1234 883 Ιναιιαο,
1262 810 1360 871 idest

265 902 359 969 ivan,
382 899 482 967 Ιιυαιι,
504 896 613 956 Iollan.
656 897 780 957 Donat.
874 897 878 905 ⁴

350 983 392 1041 ih.
437 986 492 1044 τοῦ
512 981 780 1063 πρωτιξαδίλφου]
809 982 936 1041 mancus
964 982 1030 1062 (sic
1050 986 1178 1041 loannes
1201 1002 1220 1041 a
1238 980 1360 1041 Blachis

264 1068 391 1147 dicitur)
421 1077 527 1126 natura
554 1078 584 1127 et
610 1069 744 1127 moribus
763 1071 864 1126 Asano
892 1070 998 1127 similis
1019 1078 1049 1126 et
1067 1070 1175 1126 intima
1200 1069 1361 1127 familiari-

264 1164 326 1213 tate
357 1156 531 1212 coniunctus
560 1154 639 1213 clam
665 1172 733 1211 cum
759 1172 855 1212 uxore
884 1155 978 1211 Aseni
1005 1171 1105 1212 sorore
1138 1154 1362 1213 consuescebat.
1436 1194 1439 1198 ·

267 1238 301 1297 id
315 1240 367 1297 ubi
382 1241 573 1317 comperisset
588 1242 722 1313 Asanns,
745 1240 890 1317 principio
905 1258 1033 1297 uorem
1045 1257 1183 1300 acusare
1197 1249 1227 1297 et
1241 1250 1363 1317 propter

268 1326 410 1383 facinoris
426 1323 694 1382 dissimulationem
705 1326 810 1401 capitis
823 1322 975 1382 damnare.
1012 1322 1068 1383 sed
1078 1325 1176 1383 verbis
1187 1327 1293 1383 uxoris
1307 1322 1364 1382 de·

269 1412 389 1469 territus
405 1412 481 1466 iram
496 1428 514 1465 a
528 1409 652 1467 muliere
664 1411 695 1466 in
709 1409 854 1467 lbancum
867 1409 1024 1483 transfert,
1048 1428 1177 1489 eumque
1193 1411 1295 1469 statim
1313 1411 1365 1467 in-

270 1505 417 1573 tempesta
431 1502 517 1551 nocte
534 1492 573 1551 ed
588 1514 621 1553 sa
636 1496 769 1553 accersit.
812 1494 939 1552 lbencus
957 1514 1109 1555 accessum
1121 1492 1230 1569 differt,
1244 1497 1364 1553 manus

270 1580 421 1639 sollicitat.
464 1576 586 1635 tandem
608 1598 697 1637 causa
721 1597 773 1637 cur
788 1590 944 1637 vocaretur
959 1580 1087 1640 lbancus
1101 1582 1233 1658 cognita,
1261 1577 1364 1657 gladic

271 1665 326 1723 sub
341 1672 423 1720 veste
440 1664 585 1721 occultato
598 1666 746 1723 accinctus
763 1663 940 1742 ingreditur.
981 1670 1100 1725 Ascnus
1118 1663 1195 1723 nihil
1216 1662 1366 1724 moderati

272 1751 304 1808 in
325 1768 395 1804 eum
418 1750 568 1825 cogitans,
599 1746 637 1807 ad
660 1750 792 1827 primmn
816 1753 879 1809 eius
900 1761 1055 1828 aspertum
1077 1748 1231 1823 efferatum,
1260 1768 1365 1807 ensem

273 1836 400 1913 quaerit.
443 1836 569 1891 lbancus
588 1834 704 1893 facinus
724 1846 848 1913 occupat
867 1845 897 1893 et
911 1855 982 1894 ense
996 1839 1029 1893 in
1040 1838 1164 1913 inguine
1179 1834 1272 1893 infixo
1283 1837 1365 1891 Asa-

272 1938 348 1977 num
365 1916 483 1977 cccidit.
505 1918 576 1977 inde
591 1920 710 1997 elapsus
725 1923 828 1977 statim
840 1918 879 1979 cd
892 1924 1024 1980 conscios
1039 1940 1071 1979 se
1087 1922 1210 1995 confert,
1232 1928 1263 1978 et
1273 1916 1366 1978 caede

273 2002 405 2067 indicata
419 2024 486 2063 cum
503 2006 546 2064 cis
560 2006 717 2063 consilium
735 2002 909 2063 defectionis
921 2008 987 2064 init.
1028 2007 1108 2065 Aac.

358 2087 400 2147 th.
420 2109 450 2146 r.
466 2093 496 2151 9.
542 2086 703 2167 δοίδεδφδς
717 2083 830 2169 orituri]
861 2093 966 2149 Petrus
983 2101 1050 2170 post
1067 2110 1174 2149 necem
1191 2090 1286 2149 Aseni
1305 2108 1368 2149 non

273 2174 404 2233 multum
421 2194 538 2233 summa
553 2194 652 2237 rerum
663 2177 775 2253 potitus
789 2185 850 2248 τοῖς
879 2178 932 2255 qui
949 2196 1006 2234 nec
1024 2186 1121 2235 morte
1135 2177 1282 2249 naturali,
1313 2172 1369 2234 sed

273 2260 483 2327 miserabiliter
498 2280 515 2317 a
530 2259 660 2340 quodam
676 2260 814 2339 populari
828 2262 981 2321 confossus
997 2263 1092 2319 vitam
1109 2258 1190 2335 finit3
1213 2261 1369 2339 etprinci-

273 2354 363 2420 patus
376 2346 576 2421 Bulgarornm
590 2344 629 2402 ad
639 2350 783 2432 lounnpm
802 2349 924 2404 tertium
934 2348 1057 2405 fratrem
1071 2347 1187 2403 transit.
1228 2347 1272 2403 ita
1286 2342 1368 2403 Clio·

274 2431 366 2486 niata.
408 2431 581 2508 Acropolitc
599 2443 699 2489 tamen
719 2427 769 2489 hic
791 2441 893 2490 noster
911 2435 1007 2490 aliter.
1050 2435 1256 2492 Ioannesncn
1275 2449 1367 2509 parvo

275 2521 410 2589 tempore
431 2513 512 2591 apud
534 2517 685 2574 Romanos
707 2516 794 2573 obses
814 2517 925 2591 fuerat,
964 2537 1032 2575 cum
1053 2518 1215 2595 imperator
1237 2518 1368 2574 hancine

275 2594 442 2659 secundum
454 2599 547 2675 Mysis
563 2619 644 2657 anna
657 2601 823 2658 retulisset:
846 2597 902 2660 sed
914 2601 986 2680 luga
999 2602 1117 2680 elapsus
1132 2599 1258 2661 domum
1268 2599 1370 2658 redie-

274 2691 341 2828 ’llll'
376 2681 538 2760 Gregorns:
561 2681 577 2747 ὁ
590 2677 647 2767 γάρ
661 2688 775 2746 rotroci
789 2681 910 2766 πρώτου
922 2681 1010 2750 Ἀσδυ
1022 2680 1154 2766 α’δελφδς
1166 2683 1218 2749 καί
1230 2681 1370 2766 διάδοχος

296 2789 426 2844 ωαννης.
469 2771 546 2827 Am..

360 2851 401 2910 it.
417 2873 447 2910 τ.
466 2857 514 2916 12.
558 2855 676 2914 πολλῶν
695 2875 725 2914 τε
745 2858 809 2928 τοῖς
824 2851 979 2936 Ῥωμαίοις
998 2852 1105 2935 αἴτιοι]
1125 2857 1227 2914 Asano
1239 2863 1269 2912 et
1280 2855 1369 2911 Petro

275 2935 417 2994 fratribus
438 2937 602 3018 spoliandis
624 2936 861 3021 infestandlsquc
885 2943 1006 3000 Graecis
1024 2943 1202 3015 immanior3
1224 2941 1369 2997 cuiusres

277 3030 376 3099 gestus
390 3019 491 3079 ridere
508 3027 597 3081 estin
612 3021 766 3082 (ilioniata.
808 3029 886 3084 Am..

362 3103 403 3162 ib.
421 3123 450 3164 v.
470 3105 517 3168 15.
552 3111 615 3184 ,τῆς
631 3109 848 3191 Μακεδονίας]
871 3105 1020 3191 quomodo
1035 3109 1104 3167 ltali
1118 3105 1324 3166 Macedoniam
1340 3114 1371 3164 et

277 3189 434 3248 Graeclam
449 3191 597 3272 reliquam
610 3192 668 3250 sibi
679 3193 866 3272 subegerint,
887 3206 988 3254 narrat
1004 3192 1150 3254 choniates
1163 3195 1197 3252 in
1209 3190 1371 3251 Baldulno.

276 3276 354 3333 An.
1115 3288 1118 3295 ·

362 3357 405 3416 ib.
420 3377 450 3418 ν.
469 3363 518 3423 17.
557 3357 615 3442 τὴν
633 3359 722 3426 πόλιν
741 3357 917 3443 Ἀδριανοῦ]
945 3361 1157 3443 Adrianopolis
1182 3360 1373 3422 obsidionem

278 3453 309 3500 et
329 3444 448 3502 loannis
469 3443 623 3506 machinos
644 3451 792 3527 prolixius
810 3459 911 3507 narrat
928 3447 1074 3507 choniata
1086 3453 1118 3507 in
1130 3447 1290 3506 Balduinc.
1333 3443 1372 3504 da

277 3525 336 3587 hac
357 3529 429 3586 urbe
450 3541 551 3589 auctor
570 3535 649 3592 vitae
669 3533 826 3594 Athanasii
846 3533 1032 3613 patriarchae
1052 3533 1219 3612 Cpolitani:
1242 3524 1331 3604 οὗτος
1353 3523 1373 3594 ὅ

278 3612 370 3693 μέγας
389 3609 445 3693 τὴν
466 3609 575 3696 α’ρετιὶυ
592 3617 642 3680 nul
664 3617 768 3698 σχεδόν
786 3619 877 3680 παντί
890 3624 934 3680 coi
949 3615 1050 3702 κόσμῳ
1066 3612 1226 3699 διαβόητος
1240 3608 1374 3678 'ildonci-

280 3716 345 3771 σίου
363 3699 494 3781 πατρίδα
509 3699 564 3781 μὲν
576 3701 641 3783 ἔσχε
653 3699 707 3766 τδν
720 3698 864 3785 Ὀδρνσδν
876 3681 965 3766 reditu
977 3698 1105 3784 α’ρχαίαυ
1116 3725 1148 3764 τι
1160 3702 1214 3764 ταί
1227 3700 1372 3802 ίπιφανῇ,

280 3777 319 3845 orl
333 3779 426 3862 μόνον
439 3789 593 3860 παντοίοις
609 3788 780 3868 βρίθουσαν
792 3794 854 3861 τοῖς
868 3788 984 3863 ἔξωθεν
1000 3783 1141 3867 α’χαθοῖς,
1163 3781 1301 3850 iniant
1311 3807 1374 3846 πα-

281 3886 347 3940 σαις
357 3863 475 3950 οἷριταῖς
484 3877 624 3949 concisus
639 3873 692 3936 καί
707 3870 807 3952 πάσης
822 3867 943 3955 ἆγαθῆς
956 3873 1096 3945 παιδείας
1107 3870 1311 3952 ὑπερέχουσαν
1323 3867 1374 3948 ίρ·

280 3949 457 4033 χαστήριου,
479 3955 509 4031 ἐξ
526 3951 663 4037 Ὀρέστου
679 3955 733 4036 μὲν
748 3962 806 4020 τοῦ
816 3954 943 4038 πραίτοις
960 3951 1056 4036 caludo
1076 3951 1286 4036 ἆυεχείραυτος
1300 3959 1375 4032 stn-

279 4043 388 4100 θεῖσαν
406 4033 596 4120 Ὀρεστιιίδα,
618 4043 649 4118 ἐξ
666 4043 775 4105 Αἰλίου
791 4041 824 4105 δὲ
841 4047 898 4105 τοῦ
911 4037 1071 4124 Ἀδριανοῦ
1084 4045 1142 4104 τοῦ
1155 4045 1277 4112 πολλοῖς
1287 4034 1375 4100 ὅστι-

281 4143 336 4200 ρου
356 4117 478 4204 χρόνοις
495 4123 700 4199 πλατυναντος
712 4126 763 4188 καὶ
776 4121 984 4205 κοσμήσαντος
1000 4125 1188 4205 καλουμίνην
1199 4116 1377 4204 ’Admoneri-

279 4209 385 4280 πολιν,
413 4203 480 4286 ἥτις
505 4205 588 4284 ὅσοις
613 4218 794 4291 περιρρεῖται
813 4215 969 4285 παντοίοις
991 4209 1148 4274 πάντοθεν
1173 4203 1305 4290 οἷχαθοῖς
1321 4204 1376 4270 ml

279 4297 426 4370 ποταμοῖς
448 4290 524 4374 πρδς
539 4290 657 4372 τούτοις
673 4291 786 4363 α’ίνναα
800 4296 940 4380 ῥέουσιν,
960 4295 1054 4373 ἔξεστι
1067 4299 1109 4381 τῷ
1121 4293 1297 4378 βουλομένῳ
1319 4315 1376 4354 τια-
