3100 4850
194 302 268 379 968
562 326 564 331 ·
593 302 638 371 ΙΝ
665 302 894 371 GEORGIUli

193 466 362 550 proesentis
373 463 542 543 honoravit,
562 466 715 527 beneficiis
732 486 767 525 ao
780 468 956 529 muneribus
970 464 1145 543 cumularit,
1165 484 1221 546 pro
1234 486 1292 547 pa·

194 566 279 617 terno
301 554 412 613 scelere
433 554 584 629 excrevit,
614 555 776 613 etreuiam
788 554 971 633 impetrarit.
1013 550 1157 632 Pachyru.
1174 550 1213 611 de
1225 556 1293 611 Au-

194 638 280 699 drou.
295 636 452 699 Michaelis
463 640 498 695 F·
517 658 548 717 p-
564 640 625 704 103
650 642 699 701 16.
720 637 874 697 Blouduru
888 640 1025 719 sequitur
1041 638 1210 699 Sabellicus
1225 640 1292 696 Eu-

194 722 284 784 ueud.
299 729 319 789 9
334 725 386 781 lib.
403 728 440 788 6:
463 722 625 803 reliquerat
641 722 811 783 Theodonu
822 723 1007 783 Michaelem
1022 733 1213 802 cognomento
1224 724 1292 783 Pa-

195 807 453 888 laoologurufile'ie
470 818 608 879 actorem,
620 808 758 888 fecitque
770 829 807 867 eu
820 809 972 884 reefidem
983 808 1141 867 Buleha‘uo
1155 820 1183 866 et
1195 809 1293 866 Vene-

196 897 235 953 rie
241 895 372 976 suturoe
378 894 468 973 paru
475 932 488 965 ,
517 895 547 951 ei
565 895 672 951 rectoris
685 896 805 953 nomine
822 904 976 953 cantentur
988 905 1061 951 erret
1074 893 1289 971 Poloeologm.

194 980 249 1038 eed
268 978 355 1037 lecum
373 977 539 1038 oehomnu·
553 980 663 1056 epr'rt'tu
682 978 843 1059 motuque
846 978 1012 1057 prudencie
1024 1000 1087 1037 uon
1099 978 1197 1037 whom
1211 978 1292 1037 Bat-

195 1064 285 1125 duim'
296 1085 367 1143 oper
370 1065 484 1144 fregit,
504 1064 558 1122 red
569 1066 672 1123 euertit
684 1066 774 1123 etrum
779 1064 938 1143 surditate.
982 1067 1062 1123 Aur..

279 1169 309 1230 p.
326 1149 387 1213 165
399 1169 430 1208 v.
449 1152 477 1215 1.
519 1144 706 1223 Movidloros
718 1151 875 1234 Frupyip]
898 1151 999 1209 eratis
1014 1169 1076 1209 uou
1088 1148 1168 1207 claro
1182 1167 1291 1227 genere

196 1245 294 1310 ortus,
320 1232 376 1294 sed
396 1234 434 1293 ob
448 1235 649 1312 coguitionem
664 1254 764 1293 rerum
776 1232 859 1295 etad
871 1237 971 1294 omnia
985 1232 1187 1314 aptitudinem
1201 1244 1291 1314 utque

194 1338 314 1379 morum
333 1318 534 1379 urbanitatem
553 1338 571 1377 a
588 1338 681 1397 puero
700 1321 733 1379 iu
753 1320 856 1379 aulum
869 1321 1093 1400 imperatoriam
1108 1320 1233 1394 ascitus,
1257 1328 1291 1377 ut

195 1424 264 1464 cum
284 1406 386 1464 multis
407 1405 475 1463 aliis
492 1403 667 1483 aequalibus
680 1402 844 1465 Theodoro
860 1406 1034 1485 imperatori
1049 1405 1179 1464 collusor
1194 1414 1290 1479 esset3

195 1493 249 1571 qui
261 1492 304 1562 ite
321 1508 353 1549 se
366 1486 517 1548 edmerus
530 1489 612 1548 illius
626 1489 877 1565 accommodarit,
898 1501 933 1549 ut
945 1510 1024 1549 uuus
1035 1491 1082 1549 illi
1098 1500 1177 1549 esset
1189 1490 1292 1549 omnis

194 1576 308 1635 faciens
323 1572 482 1653 dicensque
497 1572 646 1653 quidquid
659 1574 833 1654 imperatori
846 1586 965 1655 grutmu
978 1585 1052 1635 erat.
1088 1593 1173 1634 umor
1186 1594 1292 1633 eorum

195 1669 344 1725 crescente
360 1669 457 1718 uetare
476 1662 626 1718 concrevit
643 1658 735 1733 adeo,
764 1670 799 1719 ut
814 1658 896 1739 apud
913 1681 986 1719 eum
1001 1662 1064 1720 ium
1079 1661 1291 1739 imperatorem

193 1748 361 1824 prinoipem
377 1754 407 1801 et
422 1746 604 1809 auctoritatis
618 1754 648 1803 et
662 1748 773 1823 gratiae
789 1747 889 1805 locum
905 1747 1062 1820 obtineret,
1079 1746 1290 1805 solertissimus

195 1832 354 1903 coniector,
377 1828 459 1909 quud
472 1830 518 1887 illi
533 1830 674 1908 placeret,
698 1828 806 1891 dexter
816 1834 1006 1911 negotiorum
1020 1829 1243 1891 administratur
1259 1838 1291 1887 et

194 1914 272 1975 fidus
296 1934 471 1975 arcanorum
489 1918 655 1993 purricepe3
694 1934 768 1996 quus
787 1917 825 1976 ob
846 1936 894 1976 res
913 1917 1049 1975 celeriter
1069 1915 1291 1995 protovestiarii

195 1998 339 2079 dignitate
356 2010 476 2059 ornatus
491 2019 619 2059 uxorem
634 2020 673 2058 ex
684 2003 874 2080 imperatoria
889 2002 1006 2059 familia
1019 1999 1117 2059 duxit.
1159 2020 1201 2059 ex
1213 2000 1292 2057 Gre-

195 2104 278 2165 gora.
320 2083 390 2143 vido
411 2086 502 2144 etiam
521 2083 753 2165 Pachyruerium
769 2084 960 2146 historiarum
977 2086 1053 2145 libro
1067 2088 1177 2165 primo.
1220 2086 1291 2165 qui·-

193 2172 251 2229 bue
267 2170 385 2229 notabis
401 2180 568 2229 monstrum
580 2181 610 2229 et
622 2164 836 2251 ἆνισιορησίαν
845 2172 988 2231 Sabellici
1000 2168 1136 2229 liuueed.
1152 2174 1172 2234 9
1187 2171 1291 2235 libe:

195 2266 266 2315 ermt
279 2258 334 2335 qui
350 2256 530 2335 Gregorium
545 2256 702 2315 Imirolum
717 2268 843 2315 notorem
855 2278 878 2315 a
897 2256 1047 2315 Theodoro
1060 2254 1199 2313 ηἰὶείιιιη
1216 2257 1293 2313 rori-
1414 2316 1418 2321 ,

195 2339 281 2411 bunt,
302 2360 390 2420 quem
403 2343 498 2399 oacrio
508 2352 678 2420 operantem
689 2341 892 2420 Pulueologue
904 2341 1105 2419 interfecerat,
1117 2351 1236 2417 recepto
1249 2339 1295 2398 ad

194 2447 226 2486 re
235 2446 400 2503 puerorum
414 2427 507 2484 tutela
510 2467 521 2498 ,
542 2447 616 2506 quoe
626 2430 701 2504 pori
714 2430 829 2486 iniuria
846 2447 885 2486 oo
904 2429 1002 2486 moro
1020 2448 1064 2485 un
1076 2430 1189 2487 rurore
1200 2429 1293 2485 arom

193 2509 325 2570 morht.
371 2513 515 2590 Georgius
533 2515 566 2570 iu
585 2513 765 2591 Gregorium
780 2514 892 2587 erosit,
911 2513 1052 2572 Muzalou
1069 2513 1103 2570 iu
1120 2510 1291 2583 imorum,

195 2597 385 2656 obtruncatus
407 2597 445 2654 eb
468 2598 603 2654 exercitu
622 2607 653 2654 et
673 2599 784 2676 populo
798 2599 831 2654 iu
849 2599 1040 2675 intersecatur
1055 2617 1078 2656 u
1092 2595 1290 2673 Puloeologo,

195 2701 271 2761 puer
283 2682 389 2738 uuioue
404 2682 437 2738 in
449 2699 572 2758 pueros,
593 2680 769 2742 obcaecatus
782 2684 816 2742 iu
829 2680 994 2753 actutum,
1025 2679 1100 2764 quid
1114 2679 1151 2743 de
1166 2681 1290 2761 reliquia

195 2763 417 2847 expectendum
434 2763 501 2826 eati
544 2767 621 2826 Aur..

279 2850 321 2911 ib.
340 2871 370 2912 v.
385 2855 416 2915 2
460 2855 567 2914 τοῦτον
582 2843 639 2933 yde
650 2846 675 2931 ef
688 2843 825 2931 διαθήκη
839 2850 951 2932 ἐποίει]
977 2853 1124 2930 Gregorae
1139 2869 1170 2929 p·
1186 2852 1228 2920 62
1251 2851 1290 2911 19

195 2938 324 3016 Georgio
338 2935 423 2996 addit
436 2935 601 2998 secuudum
615 2946 782 3002 curatorem
792 2940 954 3001 Areeuium
969 2933 1180 3015 patriar-chun,
1199 2952 1292 3015 quem

194 3023 288 3086 tacuit
300 3023 483 3102 Acropolita.
524 3041 623 3104 raeque
637 3019 772 3084 dirarum
785 3032 833 3082 est
843 3021 991 3083 Phreuza.
1030 3023 1112 3088 Aur.

279 3105 320 3164 ib.
336 3126 367 3167 r.
381 3110 411 3170 6.
453 3101 617 3187 sol‘dpsot]
640 3109 788 3186 Gregorae
802 3127 832 3186 p.
849 3111 892 3172 68
916 3111 966 3170 10.
1005 3108 1086 3166 Aur..

278 3191 321 3250 ih.
377 3186 465 3254 odero
491 3193 639 3272 τριταῖος]
677 3194 824 3272 Gregorus
851 3189 1066 3270 Piolryruerius
1094 3200 1126 3248 et
1153 3185 1292 3247 Phr-anta

195 3274 317 3335 traduut
337 3276 430 3336 fuleee
449 3287 652 3356 perpetrauuu
670 3275 719 3338 die
734 3297 831 3352 uouo,
858 3287 889 3336 et
903 3277 981 3335 forte
1001 3294 1106 3342 omues
1121 3293 1191 3332 vera
1210 3291 1292 3331 uun-e

195 3363 281 3420 tiuut.
324 3380 423 3441 neque
442 3364 523 3420 euim
590 3363 647 3422 tim
667 3373 756 3444 atque
774 3364 901 3422 moritur
913 3363 1091 3440 imperator,
1120 3357 1291 3438 sepulturae

195 3443 333 3506 traditur.
376 3465 466 3526 quare
480 3466 536 3507 aex
551 3449 655 3527 primia
673 3446 780 3512 diebue
793 3449 884 3506 funus
897 3447 980 3516 illius
991 3455 1126 3506 curetum
1140 3454 1203 3518 eet,
1226 3443 1293 3500 ele-

195 3541 277 3604 tum,
298 3533 484 3610 prcpositum
498 3534 620 3611 populo,
646 3543 742 3592 terroe
753 3530 878 3590 taudem
886 3531 1039 3605 traditum,
1059 3548 1141 3588 uouo
1154 3547 1226 3587 vero
1242 3525 1293 3588 die

195 3617 233 3676 ab
256 3618 338 3676 illiue
360 3617 460 3694 obitu,
490 3620 578 3682 tertio
599 3619 636 3680 eb
654 3619 736 3688 illius
753 3619 924 3697 sepulture,
945 3616 1118 3676 Mmalouee
1131 3613 1292 3680 obtrunca-

195 3712 274 3761 ruut.
317 3706 393 3768 Aua.
891 3702 893 3709 '

279 3785 321 3844 ib.
338 3807 367 3846 v.
382 3790 413 3852 8.
456 3786 570 3866 ovvdpu
598 3779 607 3803 ‘
643 3808 674 3860 rr
694 3777 823 3864 recimer]
853 3788 1028 3847 solemniter
1046 3783 1245 3862 exequiarum
1263 3788 1294 3837 et

196 3872 338 3952 frequens
361 3873 496 3932 omnium
522 3891 555 3930 co
578 3891 680 3934 cursus
703 3890 764 3930 uon
784 3873 954 3932 merebatur
967 3881 1031 3930 tam
1047 3867 1206 3946 iudignum
1222 3884 1294 3944 epe-

197 3957 358 4024 ctauulum.
403 3966 601 4022 convenerunt
622 3959 703 4028 euim
720 3957 752 4014 iu
769 3957 918 4036 templum
936 3951 1106 4036 patriarcha
1124 3971 1194 4010 oum
1212 3950 1294 4007 clero

197 4043 355 4115 universo,
373 4052 543 4116 metrouee,
567 4060 671 4102 ornnes
684 4039 811 4116 nubiles,
833 4052 866 4100 ut
881 4039 919 4100 de
929 4061 1015 4108 more
1027 4041 1166 4117 lugerent
1179 4045 1210 4094 et
1225 4054 1295 4092 me-

197 4127 325 4186 moriam
339 4127 526 4206 imperatorie
540 4127 734 4192 celebrarent.
777 4124 901 4185 aderaut
917 4145 1022 4192 omues
1036 4124 1205 4204 principes,
1226 4119 1296 4198 ple-

197 4210 259 4268 beii
271 4228 391 4291 quoque
402 4231 463 4270 nou
476 4210 608 4287 deerant,
626 4213 811 4270 confluxerat
823 4213 921 4271 omnis
934 4213 1095 4283 exercitus,
1112 4225 1174 4266 uou
1187 4202 1297 4262 eadem
1347 4261 1352 4298 ι

196 4313 303 4360 omues
316 4297 479 4373 sententia,
510 4297 562 4361 alii
575 4297 689 4366 luctum
701 4297 921 4377 praeferentes,
949 4297 1122 4366 aliiueoetu
1137 4293 1295 4372 ⁸Plffl¹t⁰⁸2
1346 4300 1353 4362 i

1335 4480 1344 4528 i
