3100 4850
302 338 353 410 96
602 334 781 403 GEORGII
799 334 1088 403 ACROPOLITAE

303 511 357 577 τόν
372 506 467 594 αότῆς
479 504 607 595 σόζυγον
623 506 756 593 Μιχαῆλ
762 558 773 589 ,
798 506 1010 597 προσηκόντως
1022 506 1299 595 φιλοφρονηθέντες
1309 508 1396 593 παρὰ

303 621 359 679 sori
381 614 558 697 floscellos„
591 612 671 678 ἀλλὰ
688 612 724 678 τδ
738 619 795 697 τῆς
809 615 973 701 παροιμίας
988 612 1060 675 κάπλ
1075 616 1119 697 τῷ
1135 610 1266 693 Μιχαὴλ
1281 613 1396 694 εἰταλη-

302 714 406 783 θεόειν
431 716 586 803 ἐφαίνετο·
611 716 758 802 στρεβλόν
780 715 869 794 ξόλον
893 714 1000 781 osi'rror'
1027 712 1139 801 ὀρθόν,
1166 716 1216 778 καλ
1232 710 1249 779 ό
1267 716 1396 795 Αἰθίοψ

304 820 361 884 οόκ
380 815 441 885 olis
457 822 679 885 λευκαίκεσθαι.
730 823 773 897 είς
786 818 974 885 ἀποστασίαν
987 817 1046 903 γὰρ
1061 823 1116 881 τοῦ
1130 818 1280 898 βασιλείοις
1293 815 1397 902 spelp-

298 946 400 1006 pqoe,
425 922 590 1011 ουμβοόλῳ
612 925 680 1009 περλ
701 922 758 1006 τὴν
783 929 897 1006 σκῆψιν
922 928 967 1008 τῷ
991 923 1067 1007 θείην
1090 920 1185 984 αότοό
1206 925 1252 1007 τῷ
1267 920 1423 1006 Ἅγγάιμό

308 1023 460 1114 Θεοδώρῳ
480 1024 681 1114 χρησάμενος.
731 1023 749 1090 ὅ
770 1032 844 1111 γοῦν
864 1023 1009 1107 βασιλεός
1028 1021 1169 1104 Ἰωάννης
1189 1028 1286 1087 ταῦτα
1307 1022 1399 1106 γνυός

305 1132 356 1195 καλ
382 1128 438 1213 τὴν
462 1130 561 1195 αὐτῶν
585 1131 778 1212 συνωμοσίαν
800 1126 1005 1239 μεμαθηκώς,
1036 1126 1092 1190 οὐκ
1122 1125 1234 1203 ἄλλους
1260 1124 1400 1207 οἰόμενος

239 1269 244 1298 ι
305 1234 458 1309 ίναντίους
477 1231 551 1298 εἶναι
573 1231 651 1314 μετά
674 1239 729 1315 τῆς
752 1233 982 1297 Κωνσταντίνου
1004 1227 1116 1293 ἅλωσιν
1135 1228 1205 1293 ἀλλ’
1222 1228 1242 1313 ἦ
1260 1226 1398 1303 τούτους,

305 1336 409 1420 ἐπειδὴ
430 1339 481 1399 καὶ
502 1338 664 1419 ἐκεχειρίαν
686 1328 757 1419 ἦγεν
776 1336 836 1399 άπὸ
855 1341 910 1399 τοῦ
924 1335 1035 1419 μέρους
1051 1338 1112 1397 τῶν
1128 1330 1397 1413 Μουσουλμάνων,

216 1446 239 1499 Ρ
255 1443 290 1500 49
307 1439 438 1525 ἠρέμουν
456 1439 490 1502 δέ
510 1442 561 1503 καλ
582 1438 621 1502 τὰ
642 1440 675 1501 ίκ
694 1444 755 1503 τῶν
768 1436 971 1523 Βουλγάρων,
998 1433 1171 1517 ἀξιομάχοις
1184 1438 1233 1499 καὶ
1249 1430 1291 1511 ὥς
1305 1439 1439 1500 siusium

304 1527 472 1623 βασιλικῶς
492 1538 814 1626 παρασκευασάμενος,
840 1543 891 1604 καὶ
913 1544 969 1617 τάς
985 1536 1126 1621 δυνάμεις
1144 1536 1265 1615 ἁπάσας
1280 1536 1323 1614 ὡς
1338 1538 1397 1601 ilisa

271 1626 274 1629 δ
305 1642 472 1721 συντάξας,
497 1646 723 1726 διαπεραιοῦται
738 1642 792 1706 τόν
800 1639 1036 1725 Ἑλλήσποντον,
1063 1642 1192 1717 πολλοδς
1207 1644 1262 1723 μέν
1274 1644 1325 1705 καλ
1340 1641 1397 1705 άλ-

305 1753 377 1823 λους
399 1744 476 1827 έχων
499 1742 700 1831 στρατηγούς,
722 1745 776 1810 τόν
790 1746 824 1811 δέ
843 1743 1077 1832 Ταρχανειοίτην
1090 1742 1269 1831 Νικηηόρον
1280 1745 1333 1809 τόν
1348 1746 1397 1807 εἰτλ

304 1856 360 1934 τῆς
381 1849 528 1934 τραπέζης
550 1848 646 1912 αότοῦ
669 1844 733 1912 οἷον
753 1847 792 1913 τά
817 1854 872 1913 τοῦ
896 1847 1028 1933 μεγάλου
1052 1850 1227 1929 δομεστίκου
1254 1850 1398 1931 διεκπλη-

306 1960 428 2039 ροῦντα.
478 1949 677 2017 έπανεπαόετο
703 1952 737 2016 δέ
759 1961 823 2027 τοῖς
845 1950 939 2017 αὐτοῦ
962 1950 1071 2034 ἤθεσι,
1097 1954 1148 2015 καὶ
1171 1948 1276 2015 εόνουν
1303 1951 1437 2015 ebrioli

308 2058 451 2141 ἐλογίζετο
477 2054 535 2120 κάν
556 2065 623 2131 ταῖς
644 2057 854 2146 στρατηγίαις,
887 2050 928 2130 ὡς
946 2050 966 2137 ἢ
985 2064 1072 2139 πεῖρα
1090 2052 1318 2139 μεμαρτύρηκε,
1346 2056 1398 2119 δε-

308 2158 463 2237 ξιώτατον.
512 2158 695 2242 καταλαβών
709 2165 782 2245 γοῦν
796 2158 852 2241 τὴν
869 2156 1093 2241 Θεσσαλονίκην
1112 2156 1252 2221 κάκεῖθεν
1268 2157 1325 2234 τάς
1340 2160 1398 2221 δυ-

374 2336 410 2393 τᾶ
436 2338 489 2392 τοῦ
512 2336 631 2407 Μιγαήλ.
667 2333 683 2392 ό
701 2334 731 2392 δὲ
750 2336 880 2408 βασιλεὺς
894 2336 951 2393 ἐκεῖ
964 2337 1072 2406 σκηνάν
1084 2332 1189 2407 ἠθύμει
1205 2330 1249 2391 ότι
1261 2333 1299 2405 μὴ
1314 2331 1398 2401 ἄξιόν

375 2427 404 2462 τι
423 2405 578 2477 εἰργάσατο.
613 2404 665 2476 τὴν
680 2404 710 2461 sl
724 2411 782 2462 τῶν
811 2409 933 2476 percuisis
944 2406 1045 2464 σπάνιν
1058 2401 1185 2475 ἡμιόνοις
1199 2404 1248 2462 καλ
1263 2404 1398 2474 καμήλοις

376 2473 406 2531 ἐκ
425 2479 558 2546 Βερροίας
578 2474 755 2543 ἐθεράπευεν.
790 2427 840 2546 διε
860 2473 890 2532 δ’
908 2475 986 2550 αὐτῷ
1004 2471 1160 2544 πρόσφυξὸ
1179 2475 1291 2545 rsonae
1304 2473 1395 2528 ’λιτάν-

374 2563 426 2614 νης
444 2541 474 2600 ἐκ
494 2548 664 2613 Κασιορίας,
680 2545 727 2598 καλ
749 2563 812 2600 ouva
829 2549 868 2609 οἷς
885 2543 900 2602 ὁ
920 2547 1092 2614 Πετραλίιρας
1109 2541 1255 2612 Θεόδωρος
1270 2543 1285 2600 ὁ
1301 2563 1396 2612 γυναι-

375 2613 515 2680 κάδελφος
535 2615 586 2667 τοῦ
608 2614 737 2681 Μιχαάλ,
754 2609 787 2678 ὃς
807 2566 867 2670 ‘lm
887 2615 1038 2681 προσέλθοι
1054 2613 1093 2685 τῷ
1109 2613 1229 2683 βασιλεῖ,
1246 2613 1276 2666 αλ
1289 2610 1397 2682 Δεαβό·

302 2752 304 2755 ¹
375 2685 432 2744 λεις
444 2678 464 2752 ἥ
477 2700 506 2734 τε
520 2680 604 2766 μικρά
619 2685 667 2735 καὶ
677 2682 780 2752 μεγάλη
790 2686 842 2738 τοῦ
854 2683 987 2754 βασιλέως
999 2680 1135 2750 έγένοντο.
1171 2681 1217 2736 καλ
1233 2677 1249 2736 ὁ
1265 2677 1324 2736 eluti
1337 2679 1398 2736 ’At-

374 2749 467 2874 paron
487 2753 631 2818 Γουλαμος
647 2751 716 2817 μετὰ
736 2755 855 2820 στρατοῦ
877 2751 949 2821 πρὸς
963 2755 1121 2819 Καστορίαν
1141 2751 1260 2820 διάγων,
1279 2752 1398 2818 σύζυγον

389 2839 445 2889 χειν
463 2819 511 2874 καλ
530 2815 582 2889 τήν
605 2816 694 2873 αὐτοῦ
716 2817 839 2888 ἀνεψιάν
859 2824 909 2891 τῆς
920 2821 1062 2892 βασιλίδος
1073 2818 1196 2889 Εἰρήνης
1211 2817 1399 2886 πρωτεξαδέλ-

368 2909 430 2976 ,ιρης
450 2886 537 2958 αὐτῆς
554 2887 712 2957 θυγατέρα,
729 2888 845 2960 προσάει
861 2891 899 2964 τῷ
918 2891 1032 2961 βασιλεῖ.
1068 2885 1083 2943 o‘
1100 2887 1130 2942 ol
1143 2893 1186 2942 Μι
1202 2887 1255 2957 ant
1268 2885 1298 2942 έν
1311 2889 1398 2960 στενῷ

375 2959 453 3025 υροῖκ
474 2956 510 3011 τὰ
533 2958 597 3026 περλ
618 2954 708 3012 osiris
727 2979 795 3026 πρεο
817 2963 876 3014 είαν
894 2957 964 3028 πρὸς
981 2957 1030 3013 τόν
1051 2957 1164 3028 βασιλέα
1179 2909 1333 3022 livertate,
1349 2957 1396 3010 καί

376 3023 495 3080 άπέλυοε
510 3026 582 3093 πρὸς
598 3026 650 3082 τὸν
663 3028 777 3098 βασιλέα
790 3049 804 3084 o
817 3027 930 3097 Μιχαὴλ
946 3030 1090 3096 Πρίλαπον
1103 3026 1150 3081 καλ
1166 3023 1283 3082 Βελεσδν
1297 3026 1344 3082 καλ
1363 3023 1394 3081 τό

374 3090 406 3147 έν
422 3096 462 3167 τῷ
473 3090 597 3165 Ἀλβάνςσ
611 3095 749 3164 φρούριον
765 3096 817 3160 τὰς
827 3097 931 3165 Κρόας.
965 3097 1012 3150 καὶ
1023 3094 1183 3166 προέβησαν
1194 3094 1270 3165 παρὰ
1284 3097 1335 3151 τοῦ
1348 3096 1397 3166 βα·

375 3161 470 3224 σιλέως
491 3161 624 3231 ἔγγραφοι
643 3161 738 3230 ὅρκοι,
755 3165 803 3220 καὶ
822 3165 959 3234 δεσπότην
978 3163 1029 3218 τόν
1053 3161 1143 3220 αὐτοῦ
1164 3163 1229 3220 oliv
1247 3159 1397 3234 τιμήοτιςδ

375 3229 504 3299 &tultis
517 3229 564 3282 sitsi
579 3229 631 3295 τὴν
644 3228 766 3300 έγγόνην.
804 3231 818 3288 ὁ
836 3231 865 3288 δὲ
883 3231 1012 3320 βασιλετλς
1030 3231 1059 3288 έν
1078 3235 1213 3301 Βοδηνοῖς
1230 3232 1399 3302 παραχειμά-

376 3313 428 3358 σας
439 3295 508 3363 μετὰ
527 3299 640 3363 μετρίου
656 3300 861 3369 στρατεύματος
876 3306 1003 3372 απῆλθεν
1018 3304 1058 3364 είς
1070 3298 1196 3370 Ἀγρίδας
1208 3303 1256 3355 καλ
1270 3303 1310 3365 τίς
1324 3299 1397 3356 Δεά·

375 3367 454 3437 βολιν
467 3365 515 3418 κοιλ
529 3365 699 3435 Καστορίαν.
836 3373 853 3426 9
868 3365 925 3425 sini
943 3373 1031 3438 vulgo.

306 3519 409 3603 utrique
425 3518 560 3585 exhibitis,
578 3520 611 3574 ιτ]
629 3520 743 3574 maritam
758 3520 908 3576 Michaelern
920 3522 1018 3576 domum
1030 3523 1174 3576 revertitur.
1209 3531 1323 3578 attamen
1334 3541 1398 3595 pro-

306 3590 397 3642 verbio
407 3589 537 3657 vulgatum
549 3590 575 3641 in
587 3589 713 3643 Michaele
724 3605 826 3660 qnoque
838 3609 885 3644 nec
895 3593 1020 3661 incompte
1036 3593 1117 3646 locam
1134 3592 1229 3646 habere
1241 3601 1396 3664 compertum

307 3665 365 3712 atr
389 3658 482 3726 lignum
500 3673 603 3712 curuum
618 3677 742 3729 nunquam
755 3671 869 3724 rectum,
887 3679 934 3712 nec
946 3661 1067 3731 Aethiops
1077 3661 1208 3714 albescere
1219 3662 1284 3725 scit,
1302 3663 1397 3733 quippe

307 3729 340 3781 ab
349 3728 515 3798 imperatore,
534 3729 638 3781 consilio
648 3730 733 3798 patrui
744 3728 783 3780 sni
796 3729 885 3797 angeli
896 3729 1028 3782 Theodori
1038 3745 1106 3794 usus,
1123 3729 1226 3784 desedi..
1261 3733 1328 3801 quod
1340 3749 1396 3786 eum

305 3797 473 3851 intellexisset
490 3799 642 3866 imperator,
658 3806 787 3850 eteorum
809 3798 1019 3868 conspirationem
1036 3799 1195 3862 rescivisset,
1219 3801 1316 3870 sibique
1336 3809 1398 3870 post

307 3866 407 3937 cpolim
425 3872 525 3987 captam
545 3867 625 3919 nullos
643 3867 706 3918 alios
715 3873 819 3936 praeter
830 3869 875 3918 hos
885 3867 1047 3920 advesarios
1056 3868 1167 3920 infensos
1179 3869 1351 3934 existimaret,
1370 3877 1397 3921 et

306 3953 373 4006 pace
385 3937 459 3988 urum
470 3935 564 3988 manica
575 3937 714 4002 inseretur,
731 3942 758 3987 et
771 3943 878 3988 conatus
890 3936 1055 4004 Balgarorum
1068 3938 1236 4006 quiescerent,
1253 3955 1301 4008 pro
1314 3938 1397 4006 digni-

307 4012 362 4057 tate
372 4006 425 4064 rei,
441 4013 468 4057 et
480 4013 509 4057 nt
519 4005 555 4056 ita
565 4004 662 4068 dican,
680 4011 806 4086 apparatu
820 4005 905 4072 regio,
923 4005 1014 4058 militiis
1027 4007 1143 4059 omnibus
1155 4005 1191 4058 usi
1203 4021 1250 4075 par
1261 4017 1317 4059 erat
1327 4025 1396 4060 oom-

354 4073 396 4127 itis
414 4073 608 4142 Hellespontum
626 4079 734 4136 transit,
758 4089 843 4124 seeum
866 4072 994 4156 plerisque
1011 4074 1112 4126 rnilitum
1133 4073 1239 4128 ducibus
1257 4075 1396 4126 conductis.

306 4091 373 4194 litii
390 4158 435 4194 eos
453 4143 649 4194 accersebantur
659 4141 819 4209 Nicephorus
830 4142 1002 4195 Tercbaurota
1018 4159 1118 4196 mensae
1128 4143 1273 4214 praefectus
1285 4151 1312 4196 et
1326 4143 1397 4194 vices

307 4211 392 4277 magni
406 4210 536 4264 domestici
552 4227 660 4278 gerens,
677 4209 749 4262 cuins
765 4211 876 4263 moribus
894 4212 1045 4280 imperator,
1063 4211 1110 4264 sibi
1124 4227 1210 4264 amore
1221 4211 1396 4264 coniunctissi-

307 4295 374 4330 mum
391 4279 518 4340 iudicans,
535 4279 726 4348 acquiescebat,
742 4279 784 4330 vir
795 4280 819 4331 in
832 4281 978 4333 exercendis
995 4280 1098 4335 militiae
1110 4282 1233 4343 numeris,
1254 4289 1283 4333 nt
1293 4281 1396 4351 experi-

307 4352 392 4400 meato
405 4356 497 4418 postea
506 4346 660 4417 deprensam
672 4353 727 4417 est,
745 4348 984 4420 praestantissimus.
1018 4348 1062 4403 ille
1072 4365 1101 4403 ιο
1112 4349 1316 4405 Thessalonicam
1333 4365 1396 4403 eon·
