3100 4850
290 363 340 434 70
589 349 767 423 GEORGII
787 345 1077 418 AUIlOPOLITAE

292 534 395 609 άδειάς
419 527 609 618 δραξάμενος
634 519 803 611 ἐπεχείρησε
827 520 882 605 τὴν
904 516 1064 602 βασιλικὴν
1086 519 1253 583 καταλῦσαι
1278 519 1386 597 κλῆσιν

291 638 347 721 sip
361 634 613 722 έπιηοημιζομίνην
628 638 671 719 τῷ
682 625 806 714 Ἰωάννη
821 631 864 714 τῷ
878 624 935 713 υίῷ
949 627 1002 689 τού
1011 619 1172 732 prmius-3
1199 621 1249 685 καί
1263 625 1387 704 πρῶτον

291 736 465 824 μηνύμασιν
483 733 670 801 ύποποιεΐται
690 732 745 798 τδν
766 729 860 795 αὐτού
881 726 997 814 πατέρα
1016 721 1186 809 Θεόδωρον.
1237 723 1287 786 καί
1306 723 1387 804 δῆτα

293 839 357 920 οἷος
369 843 479 917 έκεΐνος
493 836 673 926 άπροάπτως
686 837 843 921 ίπιχειρῶν
857 831 890 896 έν
901 839 966 906 τοῖς
976 824 1150 917 πράγμασι,
1168 825 1266 908 ’μηδέν
1278 849 1307 889 τι
1322 829 1386 888 τῶν

293 942 531 1029 συμβησομένων
550 939 667 1005 ύπιδῶν
683 936 879 1025 προσέρχεται
893 940 937 1023 τῷ
947 927 1217 1016 βασιλεῖ’ίωάνιηγ,
1242 929 1291 991 καί
1306 923 1415 990 ὕπο-5

295 1049 410 1131 δέχεται
424 1046 517 1112 αὐτὸν
531 1036 619 1121 οὗτος
633 1043 770 1126 άσμίνως
782 1041 832 1102 καί
844 1038 999 1120 τετίμηκε,
1024 1030 1110 1100 θεΐύν
1132 1059 1164 1098 τε
1182 1037 1288 1098 τούτου
1307 1028 1387 1094 άπο-

253 1145 278 1210 li
296 1157 396 1216 καλῶν
413 1149 470 1214 κάν
486 1156 523 1236 τῇ
538 1147 631 1213 uisuri
651 1145 842 1230 συγκαθίζων
855 1141 986 1227 τραπέζῃ
1008 1139 1059 1202 καί
1081 1143 1142 1203 τῶν
1163 1140 1275 1200 λοιπῶν
1296 1138 1389 1220 φιλο-

296 1250 500 1342 εγρονημάτων
514 1245 704 1334 μεταδιδούς.
756 1247 818 1311 ἐπεὶ
835 1244 868 1308 δέ
883 1250 990 1310 τοῦτον
1006 1243 1039 1306 έν
1050 1247 1154 1327 χεροῖν
1167 1236 1251 1322 ἴσχεν
1263 1233 1279 1302 δ
1293 1243 1390 1319 βασι-

297 1355 374 1435 λεύς,
389 1356 472 1438 ἴτοχε
486 1355 519 1419 δέ
531 1356 581 1418 καὶ
595 1364 663 1428 ταῖς
675 1350 768 1416 αὐτοῦ
787 1343 931 1429 δυνάμεσι
947 1341 1203 1426 ταῖςῬωμαΐκαῖς
1214 1335 1391 1427 στράτευμα

296 1457 464 1540 ἀξιόμαχον
477 1456 644 1543 προστεθέν
656 1457 689 1518 έκ
705 1457 838 1516 Σκυθῶν
858 1446 999 1535 (τούτους
1019 1446 1077 1534 γάρ
1097 1445 1157 1533 πρδ
1176 1444 1307 1532 βραχέος
1326 1439 1432 1506 δάν-10

298 1588 364 1650 ροις
377 1585 408 1626 τε
428 1563 478 1624 καὶ
493 1556 645 1636 δεξιώσεσι
659 1557 807 1631 ποικίλαις
826 1551 842 1616 ὁ
863 1551 1007 1636 βασιλεύς
1018 1548 1159 1633 Ἰωάννης
1170 1544 1343 1634 χειροήθεις
1357 1571 1391 1610 τε

298 1665 455 1746 πεποίηκεν
478 1663 510 1739 ίξ
531 1660 713 1747 άγριωτίρου
734 1663 789 1725 τοῦ
810 1655 924 1741 ἤθους,
956 1657 1006 1719 καί
1030 1661 1085 1738 τῆς
1103 1648 1294 1719 Μακεδόνων
1316 1647 1393 1714 int-

298 1792 396 1834 σπασε
410 1767 459 1830 καί
475 1763 601 1852 πρδςτά
615 1769 669 1846 τῆς
682 1762 721 1826 ἕω
737 1760 892 1847 διεπέρασε
907 1757 1018 1845 μέρη),
1044 1751 1163 1832 τούτοις
1178 1759 1296 1837 μάλλον
1306 1757 1393 1838 θαρ-

299 1869 414 1957 ρήσας,
442 1870 492 1933 καί
514 1867 608 1951 μηδέν
625 1893 655 1931 τε
671 1865 767 1929 δεινδν
782 1865 815 1927 εἰν
830 1859 1016 1948 Βουλγάρων
1029 1861 1207 1947 προσδοκῶν
1220 1856 1255 1923 τὸ
1269 1855 1325 1939 μέν
1341 1855 1395 1920 διά

300 1973 356 2049 τάς
368 1971 563 2057 γεγενημένας
576 1969 709 2044 σπονδάς
722 1967 757 2034 εδ
773 1966 807 2030 δὲ
819 1968 869 2030 καί
892 1964 943 2029 διά
962 1963 998 2029 εδ
1017 1961 1077 2027 ύπδ
1097 1961 1253 2049 μειρακίου
1273 1959 1313 2024 τά
1332 1964 1395 2024 τῶν
1403 1963 1435 2020 15

302 2073 489 2162 Βοολγάρων
514 2071 725 2157 διεξάγεσθαι,
762 2067 884 2156 άπάρας
912 2073 966 2152 τῆς
989 2066 1029 2132 t'o
1055 2063 1236 2147 ὅβαοιλεάς
1255 2065 1306 2126 καὶ
1325 2063 1396 2127 δια-

302 2181 484 2265 περαιωθεὶς
496 2177 549 2243 τὸν
558 2173 778 2258 Ἑλλήσποντον
787 2220 797 2252 ,
824 2171 881 2248 τάς
898 2169 929 2236 ἐκ
946 2175 1006 2236 τῶν
1015 2166 1192 2251 Ῥωμαϊκῶν
1204 2161 1396 2255 στρατευμά-

301 2309 363 2346 των
385 2279 527 2363 δυνάμεις
544 2282 594 2343 καὶ
616 2278 672 2354 τάς
693 2280 726 2341 ε’κ
745 2283 808 2342 τῶν
823 2279 956 2339 Σκυθῶν
974 2272 1051 2356 μεθ’
1076 2268 1185 2337 ἑαυτοῦ
1208 2268 1284 2352 έχων
1302 2277 1401 2356 χωρεῖ

303 2385 381 2451 κατὰ
398 2391 452 2450 τοῦ
466 2387 498 2449 ἓν
514 2382 721 2466 Θεσσαλονίκῃ
735 2379 939 2466 φημιζομένων
951 2372 1121 2459 βασιλεύειν
1133 2370 1283 2441 Ἰωάννου.
1335 2374 1397 2438 ἐπεί

303 2489 337 2551 δὲ
351 2492 492 2571 παρῆλθε
515 2484 554 2549 τά
578 2491 634 2567 τῆς
649 2480 775 2571 Θρᾴκης
798 2483 847 2546 καί
862 2482 1059 2557 Μακεδονίας
1077 2482 1193 2565 χωρία,
1219 2476 1279 2563 ἤδη
1295 2476 1329 2541 δέ
1345 2477 1438 2545 saiw

304 2589 360 2673 τὴν
374 2592 412 2651 Χ
409 2584 601 2673 ριστούπολιν
615 2582 789 2672 παρήμειψε
809 2585 858 2648 καί
871 2582 924 2648 τὸν
938 2579 1110 2671 Στρυμόνα,
1138 2588 1179 2669 τῷ
1193 2582 1331 2669 φρουρίῳ
1346 2586 1401 2661 τῆς

215 2702 236 2753 Ρ
254 2703 289 2758 ³6
300 2690 447 2775 Ῥεντίνης
466 2689 630 2777 προσέσχεν
647 2684 707 2752 ύπό
729 2712 821 2753 τινων
840 2686 1014 2775 τηρουμένη)
1037 2692 1097 2752 τῶν
1111 2681 1268 2763 Ἰωάννου,
1299 2682 1335 2748 οἱι
1350 2683 1402 2747 καί

377 2881 552 2956 ιβασιλιιιήν
574 2878 672 2937 dreis
688 2900 749 2937 sor.
767 2882 793 2936 Ι)
894 2877 974 2936 besl
990 2872 1274 2949 δῆτα-ῶάκιδάν]
1293 2873 1309 2931 δ
1328 2871 1400 2931 bil)

379 2959 412 3009 10
429 2952 483 3023 πρὸ
503 2950 621 3024 βραχέος
638 2952 719 3006 ornD
795 2953 827 3005 11
845 2967 875 3005 τε
892 2966 933 3003 om
952 2950 976 3001 Ι)
1044 2950 1181 3009 ποικίλαις
1198 2946 1280 2999 prul)
1347 2962 1402 3011 χει-

376 3020 491 3089 ροήθεις
506 3023 658 3088 πεποίηκεν
674 3017 690 3074 ὁ
709 3018 838 3091 βασιλεὺς
854 3016 923 3084 leb
993 3018 1026 3072 13
1042 3014 1114 3081 πρὸς
1130 3012 1181 3084 τήν
1198 3012 1234 3069 ἕω
1251 3014 1291 3083 Ι),
1308 3016 1402 3067 omisso

375 3089 469 3213 plenu
513 3092 550 3213 ¹⁵3
562 3092 619 3211 rupo
636 3091 717 3211 opi)
788 3091 821 3143 17
838 3089 896 3212 elpis
912 3086 994 3141 otul)
1063 3088 1096 3141 19
1113 3084 1192 3141 Θεσσ.
1207 3080 1403 3157 βασιλεύοντος

396 3177 426 3213 ει.
550 3175 643 3211 πε-
675 3174 827 3213 πασανσαι
869 3196 877 3213 .

310 3326 449 3397 Bulgerlss
464 3326 622 3397 imperante,
648 3326 781 3381 οοοεείοσε
797 3330 900 3397 arrepta
915 3324 1108 3449 appellationem
1126 3324 1330 3399 imperatoriam,
1352 3340 1404 3394 qus

310 3401 419 3451 loannes
436 3394 527 3465 Angeli
544 3395 612 3448 lilius
631 3397 769 3465 gestiebat,
801 3397 896 3450 debers
912 3414 934 3448 ει
953 3412 961 3448 ι
977 3396 1003 3449 in
1018 3394 1102 3448 animo
1118 3412 1271 3465 proponens,
1297 3392 1404 3464 primunr

312 3465 475 3519 Theodorum
492 3464 560 3518 illius
579 3472 676 3535 patrem
691 3466 778 3518 αοιιάο
794 3466 923 3518 seductum
934 3465 982 3517 sibi
996 3462 1130 3530 conciliat,
1158 3464 1202 3532 qui
1214 3470 1332 3532 tanosu
1342 3468 1406 3514 tune

311 3550 404 3587 reeens
418 3549 461 3586 res
479 3549 630 3601 aggressus,
655 3534 716 3586 nibil
727 3552 814 3587 eorum
825 3550 890 3603 quse
902 3532 1051 3603 contingere
1061 3540 1181 3601 poterant
1190 3532 1348 3602 suspicatus,
1371 3529 1403 3583 ad

313 3602 432 3655 losnnem
442 3602 619 3671 inperatorem
630 3618 658 3655 se
669 3604 776 3657 confert.
802 3604 941 3672 imperator
951 3620 1009 3654 eurn
1023 3601 1117 3670 excipit
1130 3600 1310 3664 lubentissime,
1324 3600 1406 3651 bono-

313 3671 384 3725 ribus
403 3672 502 3739 alficit‚
525 3678 691 3741 patruumque
701 3689 794 3723 vocans
806 3688 892 3724 mansa
903 3688 935 3724 eo
945 3670 1048 3741 reliquis
1060 3669 1221 3723 humanitatis
1232 3668 1324 3722 officiis
1335 3676 1407 3722 otn-

313 3740 459 3794 snunioarit.
493 3750 627 3809 postquam
639 3757 696 3792 eum
706 3741 732 3793 in
742 3747 895 3811 potestatem
906 3740 1008 3806 babuit,
1032 3747 1061 3791 et
1071 3756 1121 3791 non
1132 3737 1329 3791 contemnendos
1339 3740 1408 3789 esset

313 3828 330 3863 e
341 3809 446 3877 Scythis
457 3809 599 3875 exercitus,
621 3826 687 3879 quos
705 3826 755 3862 aon
772 3810 863 3862 multos
876 3816 935 3861 anta
946 3808 1002 3861 dies
1015 3806 1160 3861 muneribus
1171 3806 1298 3889 variisque
1309 3804 1407 3859 benefi-

314 3878 361 3932 tiis
373 3878 421 3933 sibi
432 3878 565 3931 devinctos
581 3887 659 3947 atque
670 3894 703 3931 ax
712 3878 898 3931 immanioribus
909 3878 1020 3931 moribus
1032 3884 1059 3929 et
1071 3874 1221 3929 Macedonia
1233 3872 1407 3928 drstractosiu

315 3947 464 4000 orlortelen
475 3964 546 4000 oram
557 3944 712 4011 deduxerat,
730 3946 792 3999 satis
804 3947 885 3999 animo
897 3953 1005 4001 certost
1017 3944 1166 3998 confirmato
1180 3944 1241 3999 nihil
1252 3944 1301 3999 sibi
1311 3942 1408 3997 innon·

315 4016 383 4069 εαοδί
394 4033 410 4068 a
422 4016 539 4083 bulgaris
549 4014 744 4085 ρεηίοεοεαεαε,
766 4015 857 4085 partim
877 4022 984 4086 propter
999 4022 1077 4086 pacta
1093 4030 1149 4066 eum
1164 4014 1202 4067 eis
1212 4013 1291 4077 initu,
1316 4011 1408 4082 partim

315 4084 384 4154 quod
395 4100 439 4137 res
450 4084 617 4152 Bulgarorurn
628 4100 645 4135 a
655 4100 735 4152 puero
746 4092 910 4153 regerentur,
927 4102 959 4137 ex
971 4084 1079 4136 Oriente
1089 4083 1207 4152 solvens,
1233 4079 1410 4151 praeternavi-

314 4159 377 4221 gato
390 4153 451 4206 Heli
511 4160 571 4222 nto,
587 4169 672 4205 seounr
685 4168 737 4204 una
747 4161 774 4206 st
787 4152 955 4205 Romanarum
966 4152 1095 4223 copiarum
1109 4158 1136 4204 et
1147 4152 1300 4219 Scytharum
1312 4146 1410 4203 auxiliis

316 4220 433 4273 adrectis
450 4170 574 4275 mnus
592 4222 712 4275 loannem
723 4220 921 4276 Thessalonicae
938 4222 1098 4291 imperatoris
1115 4220 1164 4273 sibi
1176 4236 1267 4273 nomen
1278 4218 1409 4271 vindican-

316 4296 368 4343 ten
386 4290 465 4342 adem
484 4290 595 4345 instrrrit.
629 4296 656 4343 et
673 4306 729 4342 cum
746 4289 888 4357 Thronus,
914 4306 945 4344 aa
960 4288 1127 4343 Macedouise
1145 4288 1240 4360 oppida
1256 4290 1411 4358 superasset,

316 4356 496 4428 christopolim
507 4366 535 4413 st
544 4360 707 4427 Strymonem
717 4360 875 4430 praeteriens
887 4358 1015 4414 Reatinae
1026 4356 1131 4413 esstsllo
1144 4373 1162 4411 a
1176 4358 1301 4413 nonnullis
1310 4352 1410 4411 loannis
