3100 4850
635 306 830 371 tnnttEs.
1222 307 1293 375 197

196 472 362 558 dannatur
383 480 434 542 sori
455 472 526 563 γόνυ
549 477 652 555 κλίνας
672 474 755 543 έπεσε
778 478 897 561 χαμαί,
922 478 972 541 καλ
997 472 1106 552 πάντες
1130 477 1163 539 δέ
1184 475 1212 539 οἶ
1236 477 1292 541 σόν

196 582 280 667 αὐτῷ
295 580 422 647 ὄπισθεν
439 581 534 645 αὐτοῦ
549 581 596 645 dni
612 578 682 664 ydsu
698 584 870 647 κατέπεσον.
921 582 982 643 duri
1008 582 1041 643 δέ
1063 576 1083 662 ἦ
1103 576 1207 664 πρώτη
1230 587 1291 643 τῶν

195 684 290 766 εάχῶν
305 686 502 749 ἐκτετέλεσται
520 686 571 747 καὶ
589 680 605 747 ὁ
624 682 762 760 διάκονος
779 682 908 767 ἐσήμηνε
924 682 979 763 τήν
995 682 1158 769 ἀνέγερσιν,
1182 680 1290 759 πάντες

194 786 378 863 ἀναστάντες
392 786 426 851 τὸ
442 783 525 873 κῦριε
540 786 679 869 ἐλέησον,
705 791 747 865 εἷς
766 784 873 851 ἕκατδν
892 783 1135 868 ἀριθμήσαντες,
1160 783 1289 869 ἐπεβόη-

167 900 261 955 bonu.
312 892 361 954 καλ
381 886 497 954 τούτων
519 892 733 973 τετελεσμένων
756 890 833 977 πρὸς
851 895 908 954 τοῦ
928 887 1090 973 ἀρχιερέως
1115 891 1166 950 καὶ
1194 880 1328 966 addreb

191 990 278 1079 ἑτέρα
295 1018 341 1068 τις
355 990 533 1078 έξεφαινήθη
550 990 632 1076 εὐχή.
684 990 726 1071 ῶς
751 996 782 1057 έν
804 998 843 1078 τῇ
870 987 974 1079 πρώτῃ
998 996 1090 1075 γοῦν,
1126 994 1175 1054 καὶ
1199 994 1231 1054 έν
1248 998 1287 1078 τῇ

191 1097 315 1185 δεντέρρ
331 1096 499 1181 γεγένηται,
533 1098 584 1161 καλ
604 1092 684 1161 οῦτοι
707 1123 772 1173 παις
792 1096 1011 1178 διαπέπρακται
1030 1094 1118 1175 μέχρι
1135 1096 1185 1157 καλ
1204 1120 1284 1175 σομ-

190 1195 373 1283 πληρῶσεαις
387 1206 447 1262 τῶν
461 1197 539 1263 ὅλων
557 1199 662 1281 εὐχῶν.
713 1202 774 1264 inti
789 1206 862 1284 γοῦν
876 1195 990 1262 οῦταισέ
1002 1222 1067 1272 παις
1079 1196 1117 1259 rei
1135 1202 1189 1277 τῆς
1204 1197 1284 1281 ἱερο-

188 1303 320 1385 πραξίας
342 1298 455 1385 ταῦτης
476 1302 644 1386 γεγένηται,
671 1308 848 1387 θεοπρεπῶς
868 1306 985 1383 μᾶλλον
1005 1298 1025 1381 ἢ
1044 1304 1210 1381 βασιλικῶς
1230 1298 1284 1381 τήν

148 1410 244 1487 1οτῆς
262 1406 419 1490 Χρυσείας
446 1402 543 1487 πάλην
567 1408 708 1487 εἰσῆλθεν
729 1402 745 1469 ti
767 1404 928 1487 βασιλεῦς·
960 1404 1048 1482 πεζὸς
1071 1402 1135 1488 γὰρι
1154 1400 1282 1483 ἐβάδιζε,

186 1504 355 1593 προήρχετο
373 1508 405 1573 δέ
421 1506 529 1572 τοῦτον
545 1516 600 1591 τῆς
612 1505 834 1595 θεομήτοροςή
849 1505 945 1573 εἰκῶν.
993 1508 1082 1590 μέχρι
1095 1506 1152 1589 μέν
1162 1497 1216 1569 οῦν
1228 1512 1283 1587 τῆς

184 1616 241 1673 τοῦ
254 1614 402 1675 Σταυδέον
424 1618 520 1696 μονῆς
543 1610 704 1689 ἀπελθιῦν,
736 1614 828 1676 έκεΐσε
854 1611 909 1693 τήν
925 1606 1024 1674 εἰκόνα
1041 1608 1214 1674 καταλιπὼν
1229 1616 1283 1691 τῆς

182 1708 352 1799 ῦπεράγνοιι
369 1714 485 1799 μητρὸς
497 1721 552 1778 τοῦ
570 1721 663 1791 θεοῦ,
688 1715 797 1795 έπιβάς
811 1720 867 1777 τοῦ
877 1717 972 1776 ἰ’ππου
990 1715 1038 1775 ε’τιλ
1053 1711 1155 1793 τὸτῆς
1170 1715 1282 1795 σοιρέιις

182 1824 239 1881 τοῦ
252 1822 330 1881 θεοῦ
342 1818 466 1903 ἀφίκετο
483 1816 612 1896 τέμενος.
648 1818 739 1881 έκεῖσε
754 1822 826 1900 γοῦν
839 1824 882 1901 τῷ
896 1812 1026 1899 δεσπότῃ
1040 1818 1168 1898 Χριστῷ
1182 1839 1279 1899 προσ-

142 1924 175 1980 15
184 1918 316 2001 κννήσος
321 1967 331 1998 ,
353 1922 403 1982 καὶ
417 1918 456 1982 τὰ
469 1917 568 1983 εἰκότα
581 1916 679 2004 τούτῳ
694 1916 931 2003 εὐχαριστήσας,
961 1919 1007 1980 ἐπὶ
1023 1916 1057 1980 τό
1072 1917 1150 1999 μέγα
1166 1941 1278 1997 κατην-

181 2019 263 2103 τήκει
288 2020 445 2086 παλάτιον.
506 2023 537 2085 έν
564 2020 735 2108 εῦρροσῦνῃ
761 2028 834 2104 γοῦν
860 2024 911 2085 καλ
935 2021 1076 2106 θυμηδίᾳ
1101 2024 1198 2103 πολλῇ
1225 2020 1277 2080 καὶ

180 2123 301 2208 ἀπλέτῳ
320 2130 407 2213 χαρᾷ
428 2124 462 2187 τό
479 2120 647 2206 Ῥιαμαὶκδν
669 2132 714 2210 τῷ
734 2123 801 2189 τότε
819 2125 970 2207 γεγένηται
988 2109 1154 2205 πλήρωμα·
1181 2121 1279 2196 οὐδεὶς

179 2226 237 2312 γὰρ
254 2218 291 2308 ἦν
307 2223 323 2289 δ
339 2225 383 2309 μὴ
397 2234 527 2313 σκιρτῶν
540 2252 572 2293 τε
587 2230 637 2291 καὶ
655 2225 860 2311 ἀγαλλόμενος
872 2230 922 2289 καὶ
934 2231 1046 2310 μικροῦ
1061 2227 1122 2287 δεῖν
1135 2230 1179 2310 τῷ
1194 2221 1275 2307 πρά·
1291 2230 1315 2283 l’
1333 2230 1384 2285 103

178 2355 269 2413 γματι
294 2329 429 2395 ἀπιστῶν
446 2330 547 2395 διὰτὸ
566 2328 794 2417 ἀπροσδόκητον
819 2336 875 2395 τοῦ
899 2328 987 2415 ἔργον
1003 2329 1053 2391 καὶ
1070 2327 1104 2391 τὸ
1120 2324 1275 2412 ὑπερβάλ-

134 2440 231 2498 2ολον
247 2441 301 2516 τῆς
314 2429 434 2522 ἡδονῆς.
1121 2419 1124 2425 ’

276 2537 359 2602 Ἐπεὶ
380 2539 412 2602 δέ
433 2537 491 2604 έδει
511 2539 562 2602 καὶ
585 2536 637 2602 τὸν
652 2533 843 2624 πατριάρχην
859 2535 942 2612 ἐντός
956 2535 1096 2619 γενέσθαι
1112 2539 1168 2613 τῆς
1184 2535 1276 2596 Κων-

175 2642 352 2721 σταντένον,
383 2641 461 2722 μετά
486 2640 689 2728 παραδρομὴν
710 2647 800 2705 τινῶν
816 2637 936 2723 ήμερῶν
952 2623 1051 2722 λόγοις
1068 2639 1118 2700 καὶ
1136 2642 1173 2720 τῇ
1190 2636 1275 2720 παρὰ

175 2741 291 2808 τούτων
315 2751 422 2808 πειθοῖ
448 2748 571 2826 εἰσῆλθε
579 2791 588 2820 ,
628 2748 678 2810 καὶ
702 2741 719 2808 ὃ
742 2743 888 2826 βασιλεῦς
910 2745 952 2818 εἷς
973 2741 1006 2804 τό
1031 2740 1110 2824 ἱερὸν
1136 2739 1273 2818 ἀπῆλθεν

175 2843 362 2930 ἀνάκτορον,
388 2846 423 2910 τό
447 2854 502 2930 τῆς
524 2845 657 2931 μεγάλης
679 2850 792 2932 σοφίας
813 2846 951 2926 τέμενος,
984 2842 1199 2936 ἳνἸέγχειρέσῃ
1218 2838 1273 2922 τὴν

243 3042 276 3096 13
292 3039 356 3109 περὶ
372 3040 460 3110 vulgo.

171 3221 229 3280 tur,
251 3229 390 3282 omnesque
408 3211 451 3281 qui
470 3228 526 3266 cunt
544 3229 576 3264 oo
592 3215 665 3266 erant
677 3215 735 3294 post
746 3227 803 3264 enm
813 3209 838 3263 in
850 3226 934 3279 genus
944 3207 1120 3280 procumbunt.
1153 3204 1198 3259 sed
1209 3219 1270 3292 ρη-

171 3283 297 3336 cationum
309 3282 389 3354 prims
400 3281 483 3346 tituta,
500 3281 622 3334 diaconus
632 3281 723 3334 indixit
735 3289 763 3332 ut
774 3283 945 3346 assurgerent
980 3289 1066 3328 omnes
1080 3281 1187 3338 stantes,
1201 3268 1269 3324 ‘do-

171 3353 236 3404 mine
248 3346 384 3404 miserere'’
403 3353 498 3404 centies
508 3359 668 3404 numerantes
680 3351 858 3422 acclamarunt.
893 3349 931 3398 iris
944 3345 1023 3398 finitis
1037 3363 1053 3396 a
1072 3343 1267 3424 praesulem-

170 3436 214 3474 sus
226 3421 275 3473 elio
286 3420 400 3488 precatio
412 3420 563 3474 enuntiatur.
598 3419 683 3488 itaque
694 3429 723 3472 ut
733 3420 758 3470 in
769 3419 857 3488 prima,
873 3415 911 3468 ita
921 3418 947 3467 in
959 3414 1070 3469 secunda
1080 3420 1107 3465 et
1119 3412 1145 3464 in
1158 3412 1213 3464 siste
1226 3413 1266 3463 ia·

169 3497 238 3544 otum
258 3499 313 3553 est,
341 3489 415 3542 etsie
432 3491 550 3560 deinceps
562 3505 641 3558 usque
653 3489 685 3542 sd
697 3487 821 3554 integrum
831 3487 1003 3557 precationum
1014 3484 1122 3534 omnium
1132 3480 1267 3532 recitatio-

169 3575 226 3610 nem
236 3557 316 3610 sacris
326 3557 513 3628 precationibus
525 3557 721 3626 ceremoniisqoe
732 3557 784 3609 fine
796 3555 893 3624 posito,
916 3554 966 3606 deo
984 3551 1064 3620 magis
1075 3549 1265 3602 conuenientius

168 3643 243 3746 ῃοιαι
256 3627 318 3706 περὶ,
336 3633 435 3697 portam
450 3645 552 3680 auream
565 3627 702 3696 imperator
712 3625 869 3694 ingreditur:
886 3625 964 3693 podes
974 3622 1113 3692 inperator
1122 3622 1265 3691 praeeunte

187 3696 208 3747 oi
220 3703 308 3747 matris
318 3695 426 3764 imagine
438 3695 655 3766 proficiscebatur.
690 3695 722 3748 od
735 3695 821 3748 Studii
838 3691 1014 3747 monesterium
1033 3701 1136 3742 ventum
1150 3693 1197 3739 est.
1231 3700 1263 3734 eo

167 3763 194 3816 in
212 3763 268 3816 Ιοοο
283 3763 525 3819 immaculatissimae
541 3765 584 3817 dei
599 3765 686 3818 matris
697 3765 806 3832 imagine
817 3763 922 3830 relicta,
944 3777 1036 3828 equum
1047 3755 1219 3811 conscendens
1229 3751 1264 3836 ud

167 3831 307 3902 sepientioe
317 3833 360 3885 dei
369 3835 488 3901 tempium
501 3835 635 3903 pervenit,
658 3842 685 3886 et
697 3835 800 3886 Christo
811 3832 910 3886 domino
923 3831 1046 3889 adorato,
1071 3825 1214 3894 gratiisque
1225 3831 1263 3872 un

165 3917 217 4022 ρετ
227 3913 283 3952 ενοι
294 3903 391 3966 relatis,
407 3904 439 3953 sd
453 3920 567 3971 magnum
580 3903 702 3976 palatium
711 3902 825 3973 appellit
861 3899 1016 3953 exultatione
1026 3898 1113 3964 itaque
1125 3900 1151 3944 et
1164 3889 1262 3958 ingenti

177 3970 264 4022 aetitia
283 3979 310 4022 et
326 3971 488 4024 inenarrabili
505 3971 599 4040 gaudio
620 3975 789 4026 Romanorum
808 3970 887 4023 omnis
906 3983 983 4020 sexus
999 3965 1111 4034 repletos
1126 3958 1262 4028 gestiebat.

165 4055 275 4107 nomque
287 4041 330 4107 qui
341 4058 391 4092 non
401 4041 507 4094 saltaret
519 4040 558 4093 vol
570 4041 722 4094 ludibundus
734 4041 836 4094 exiliret
846 4055 917 4090 nemo
929 4040 1000 4099 erat,
1022 4042 1110 4086 tentae
1123 4030 1160 4081 rei
1172 4044 1262 4079 essen-

165 4125 221 4160 sum
238 4107 281 4159 vix
298 4119 430 4178 praestans
446 4118 553 4180 propter
566 4111 730 4181 improvisum
745 4126 809 4180 opus
821 4115 849 4162 ot
859 4105 1081 4225 suferotdnontem
1095 4098 1261 4179 voluptatem.

165 4174 268 4243 quondo
282 4193 345 4228 vero
356 4185 383 4228 et
393 4179 551 4248 patriarchae
561 4179 750 4247 ingrediendum
763 4186 820 4230 erut
831 4177 887 4246 Cpo
897 4175 930 4225 im
949 4181 1006 4242 post
1022 4169 1195 4222 nonnullorum
1206 4167 1261 4217 dre·

164 4261 219 4296 rum
232 4259 379 4306 excursum,
405 4247 563 4300 sermonibus
578 4249 787 4317 suesiouibusque
797 4245 925 4298 adductus
933 4242 1021 4293 introit
1029 4241 1062 4291 im
1082 4246 1168 4290 erutor
1179 4235 1206 4287 in
1217 4251 1262 4286 sa-

164 4328 233 4366 cram
245 4313 349 4382 regiam,
360 4330 466 4383 magnae
476 4317 615 4386 sepientiee
626 4316 771 4381 samarium,
783 4315 817 4368 ad
828 4312 973 4366 cathedram
983 4257 1100 4381 pontidii
1110 4304 1262 4373 οοιιιὶςατα·
